@InProceedings{FrRo2010Diffusion,
  author = {{Frederix}, Yves and {Roose}, Dirk},
  title = "A drift-filtered approach to diffusion estimation for
    multiscale processes",
  booktitle = {Coping with complexity: model reduction and data analysis},
  year =  {2010},
  volume = {75},
  series = {Lecture Notes in Computational Science and Engineering},
  publisher = {Springer-Verlag},
}

@phdthesis{Meert2011PhD,
	Author = {Meert, Wannes},
	Month = Mar,
	Note = {Blockeel, Hendrik (supervisor)},
	Pages = {188 + xix},
	School = {Informatics Section, Department of Computer Science, Faculty of Engineering},
	Title = {Inference and Learning for Directed Probabilistic Logic Models},
	Url = {https://lirias.kuleuven.be/handle/123456789/298694},
	Year = {2011},
}

@inproceedings{VandenBroeck2011IJCAI,
	Author = {Van den Broeck, Guy and Taghipour, Nima and Meert, Wannes and Davis, Jesse and De Raedt, Luc},
	Title = {Lifted probabilistic inference by first-order knowledge compilation},
	Booktitle = {Proceedings of the 22th International Joint Conference on Artificial Intelligence (IJCAI)},
	Eventdate = {2011-07-16/2011-07-22},
	Eventtitle = {22th International Joint Conference on Artificial Intelligence (IJCAI)},
	Keywords = {ijcai},
	Read = {Yes},
	Venue = {Barcelona, Spain},
	Year = {2011}
}


%%%%%%%%%%%%%%%%%%%%%%%%%%%%%%%%%
%    MACHINE LEARNING SOFTWARE
%%%%%%%%%%%%%%%%%%%%%%%%%%%%%%%%%

@article{schaul2010pybrain,
  title={PyBrain},
  author={Schaul, Tom and Bayer, Justin and Wierstra, Daan and Sun, Yi and Felder, Martin and Sehnke, Frank and R{\"u}ckstie{\ss}, Thomas and Schmidhuber, J{\"u}rgen},
  journal={Journal of Machine Learning Research},
  volume={11},
  pages={743--746},
  year={2010},
  publisher={JMLR.org}
}

@article{sonnenburg2010shogun,
  title={The {SHOGUN} machine learning toolbox},
  author={Sonnenburg, S{\"o}ren and R{\"a}tsch, Gunnar and Henschel, Sebastian and Widmer, Christian and Behr, Jonas and Zien, Alexander and Bona, Fabio de and Binder, Alexander and Gehl, Christian and Franc, Vojt{\v{e}}ch},
  journal={Journal of Machine Learning Research},
  volume={11},
  pages={1799--1802},
  year={2010},
  publisher={JMLR.org}
}

@article{opencv_library,
    author = {Bradski, G.},
    citeulike-article-id = {2236121},
    journal = {Dr. Dobb's Journal of Software Tools},
    keywords = {bibtex-import},
    posted-at = {2008-01-15 19:21:54},
    priority = {4},
    title = {The {OpenCV} Library},
    year = {2000},
    url={http://www.drdobbs.com/open-source/the-opencv-library/184404319}
}

@article{JMLR:v14:demsar13a,
  author  = {Janez Dem\v{s}ar and Toma\v{z} Curk and Ale\v{s} Erjavec and \v{C}rt Gorup and Toma\v{z} Ho\v{c}evar and Mitar Milutinovi\v{c} and Martin Mo\v{z}ina and Matija Polajnar and Marko Toplak and An\v{z}e Stari\v{c} and Miha \v{S}tajdohar and Lan Umek and Lan \v{Z}agar and Jure \v{Z}bontar and Marinka \v{Z}itnik and Bla\v{z} Zupan},
  title   = {Orange: Data Mining Toolbox in Python},
  journal = {Journal of Machine Learning Research},
  year    = {2013},
  volume  = {14},
  pages   = {2349-2353},
  url     = {http://jmlr.org/papers/v14/demsar13a.html}
}

@inproceedings{bergstra2011theano,
  title={Theano: Deep learning on gpus with python},
  author={Bergstra, James and Bastien, Fr{\'e}d{\'e}ric and Breuleux, Olivier and Lamblin, Pascal and Pascanu, Razvan and Delalleau, Olivier and Desjardins, Guillaume and Warde-Farley, David and Goodfellow, Ian and Bergeron, Arnaud and others},
  booktitle={NIPS 2011, BigLearning Workshop, Granada, Spain},
  year={2011}
}

@inproceedings{zaharia2010spark,
  title={Spark: cluster computing with working sets},
  author={Zaharia, Matei and Chowdhury, Mosharaf and Franklin, Michael J and Shenker, Scott and Stoica, Ion},
  booktitle={Proceedings of the 2nd USENIX conference on Hot topics in cloud computing},
  pages={1--7},
  year={2010}
}

%%%%%%%%%%%%%%%%%%%%%%%%%%%%%%%%%
%      COMPETING SOFTWARE
%%%%%%%%%%%%%%%%%%%%%%%%%%%%%%%%%

% these two citations are both about HyperOpt
@inproceedings{bergstra2011implementations,
  title={Implementations of algorithms for hyper-parameter optimization},
  author={Bergstra, James and Bardenet, R{\'e}mi and K{\'e}gl, B and Bengio, Y},
  booktitle={NIPS Workshop on Bayesian optimization},
  pages={29},
  year={2011}
}
@inproceedings{bergstra2013hyperopt,
  title={Hyperopt: A {Python} library for optimizing the hyperparameters of machine learning algorithms},
  author={Bergstra, James and Yamins, Dan and Cox, David D},
  year={2013},
  booktitle={Proceedings of the 12th {Python} in Science Conference},
  pages = {13--20},
  publisher={SciPy}
}

@article{martinez2014bayesopt,
  title={{BayesOpt}: A {Bayesian} Optimization Library for Nonlinear Optimization, Experimental Design and Bandits},
  author={Martinez-Cantin, Ruben},
  journal={arXiv preprint arXiv:1405.7430},
  year={2014}
}

@article{hutter2009paramils,
  title={{ParamILS}: an automatic algorithm configuration framework},
  author={Hutter, Frank and Hoos, Holger H and Leyton-Brown, Kevin and St{\"u}tzle, Thomas},
  journal={Journal of Artificial Intelligence Research},
  volume={36},
  number={1},
  pages={267--306},
  year={2009}
}

@article{DBLP:journals/corr/abs-1208-3719,
  author    = {Chris Thornton and
               Frank Hutter and
               Holger H. Hoos and
               Kevin Leyton-Brown},
  title     = {{Auto-WEKA}: Automated Selection and Hyper-Parameter Optimization
               of Classification Algorithms},
  journal   = {CoRR},
  volume    = {abs/1208.3719},
  year      = {2012},
  ee        = {http://arxiv.org/abs/1208.3719},
  bibsource = {DBLP, http://dblp.uni-trier.de}
}

@article{roustant2012dicekriging,
  title={{DiceKriging}, {DiceOptim}: Two {R} packages for the analysis of computer experiments by kriging-based metamodeling and optimization},
  author={Roustant, Olivier and Ginsbourger, David and Deville, Yves and others},
  year={2012}
}

@inproceedings{snoek2012practical,
  title={Practical {Bayesian} optimization of machine learning algorithms},
  author={Snoek, Jasper and Larochelle, Hugo and Adams, Ryan P},
  booktitle={Advances in Neural Information Processing Systems},
  pages={2951--2959},
  year={2012}
}

%%%%%%%%%%%%%%%%%%%%%%%%%%%%%%%%%
%        SOLVER ALGORITHMS
%%%%%%%%%%%%%%%%%%%%%%%%%%%%%%%%%

% Nelder-Mead
@article{nelder1965simplex,
  title={A simplex method for function minimization},
  author={Nelder, John A and Mead, Roger},
  journal={The computer journal},
  volume={7},
  number={4},
  pages={308--313},
  year={1965},
  publisher={Br Computer Soc}
}

@incollection{ansotegui2009gender,
  title={A gender-based genetic algorithm for the automatic configuration of algorithms},
  author={Ans{\'o}tegui, Carlos and Sellmann, Meinolf and Tierney, Kevin},
  booktitle={Principles and Practice of Constraint Programming-CP 2009},
  pages={142--157},
  year={2009},
  publisher={Springer}
}

% random search
@article{bergstra2012random,
  title={Random search for hyper-parameter optimization},
  author={Bergstra, James and Bengio, Yoshua},
  journal={Journal of Machine Learning Research},
  volume={13},
  number={1},
  pages={281--305},
  year={2012},
  publisher={JMLR.org}
}

% CMA-ES
@article{hansen2001completely,
  title={Completely derandomized self-adaptation in evolution strategies},
  author={Hansen, Nikolaus and Ostermeier, Andreas},
  journal={Evolutionary computation},
  volume={9},
  number={2},
  pages={159--195},
  year={2001},
  publisher={MIT Press}
}

% particle swarm optimization
@incollection{kennedy2010particle,
  title={Particle swarm optimization},
  author={Kennedy, James},
  booktitle={Encyclopedia of Machine Learning},
  pages={760--766},
  year={2010},
  publisher={Springer}
}

% differential evolution
@article{storn1997differential,
  title={Differential evolution--a simple and efficient heuristic for global optimization over continuous spaces},
  author={Storn, Rainer and Price, Kenneth},
  journal={Journal of global optimization},
  volume={11},
  number={4},
  pages={341--359},
  year={1997},
  publisher={Springer}
}

%%%%%%%%%%%%%%%%%%%%%%%%%%%%%%%%%
%            OTHER
%%%%%%%%%%%%%%%%%%%%%%%%%%%%%%%%%

@article{fortin2012deap,
  title={{DEAP}: Evolutionary algorithms made easy},
  author={Fortin, F{\'e}lix-Antoine and Rainville, De and Gardner, Marc-Andr{\'e} Gardner and Parizeau, Marc and Gagn{\'e}, Christian and others},
  journal={Journal of Machine Learning Research},
  volume={13},
  number={1},
  pages={2171--2175},
  year={2012},
  publisher={JMLR.org}
}


@incollection{hinton2012practical,
  title={A practical guide to training restricted boltzmann machines},
  author={Hinton, Geoffrey E},
  booktitle={Neural Networks: Tricks of the Trade},
  pages={599--619},
  year={2012},
  publisher={Springer}
}

@misc{hsu2003practical,
  title={A practical guide to support vector classification},
  author={Hsu, Chih-Wei and Chang, Chih-Chung and Lin, Chih-Jen and others},
  year={2003}
}

@article{wolpert1997no,
  title={No free lunch theorems for optimization},
  author={Wolpert, David H and Macready, William G},
  journal={Evolutionary Computation, IEEE Transactions on},
  volume={1},
  number={1},
  pages={67--82},
  year={1997},
  publisher={IEEE}
}

@article{claesen2014robust,
  title={A Robust Ensemble Approach to Learn From Positive and Unlabeled Data Using {SVM} Base Models},
  author={Claesen, Marc and De Smet, Frank and Suykens, Johan AK and De Moor, Bart},
  journal={Neurocomputing (in press)},
  year={2015}
}

@article{DBLP:journals/corr/ClaesenSPMM14,
  author    = {Claesen, Marc and Simm, Jaak and Popovic, Dusan and Moreau, Yves and De Moor, Bart},
  title     = {Easy Hyperparameter Search Using {Optunity}},
  journal   = {CoRR},
  volume    = {abs/1412.1114},
  year      = {2014},
  url       = {http://arxiv.org/abs/1412.1114},
  note	    = {\url{http://www.optunity.net}},
  timestamp = {Thu, 01 Jan 2015 19:51:08 +0100},
  biburl    = {http://dblp.uni-trier.de/rec/bib/journals/corr/ClaesenSPMM14},
  bibsource = {dblp computer science bibliography, http://dblp.org}
}


@inproceedings{bergstra2011algorithms,
  title={Algorithms for hyper-parameter optimization},
  author={Bergstra, James S and Bardenet, R{\'e}mi and Bengio, Yoshua and K{\'e}gl, Bal{\'a}zs},
  booktitle={Advances in Neural Information Processing Systems},
  pages={2546--2554},
  year={2011}
}

@article{efron1983leisurely,
  title={A leisurely look at the bootstrap, the jackknife, and cross-validation},
  author={Efron, Bradley and Gong, Gail},
  journal={The American Statistician},
  volume={37},
  number={1},
  pages={36--48},
  year={1983},
  publisher={Taylor \& Francis}
}

@inproceedings{kohavi1995study,
  title={A study of cross-validation and bootstrap for accuracy estimation and model selection},
  author={Kohavi, Ron},
  booktitle={International Joint Conference on Artificial Intelligence},
  volume={14},
  number={2},
  pages={1137--1145},
  year={1995}
}

@inproceedings{hastie2004entire,
  title={The entire regularization path for the support vector machine},
  author={Hastie, Trevor and Rosset, Saharon and Tibshirani, Robert and Zhu, Ji},
  booktitle={Journal of Machine Learning Research},
  pages={1391--1415},
  year={2004}
}

@article{friedman2010regularization,
  title={Regularization paths for generalized linear models via coordinate descent},
  author={Friedman, Jerome and Hastie, Trevor and Tibshirani, Rob},
  journal={Journal of statistical software},
  volume={33},
  number={1},
  pages={1},
  year={2010},
  publisher={NIH Public Access}
}

@article{girosi1995regularization,
  title={Regularization theory and neural networks architectures},
  author={Girosi, Federico and Jones, Michael and Poggio, Tomaso},
  journal={Neural computation},
  volume={7},
  number={2},
  pages={219--269},
  year={1995},
  publisher={MIT Press}
}

@book{shawe2004kernel,
  title={Kernel methods for pattern analysis},
  author={Shawe-Taylor, John and Cristianini, Nello},
  year={2004},
  publisher={Cambridge university press}
}

@article{ritchie2003optimization,
  title={Optimization of neural network architecture using genetic programming improves detection and modeling of gene-gene interactions in studies of human diseases},
  author={Ritchie, Marylyn D and White, Bill C and Parker, Joel S and Hahn, Lance W and Moore, Jason H},
  journal={BMC bioinformatics},
  volume={4},
  number={1},
  pages={28},
  year={2003},
  publisher={BioMed Central Ltd}
}

@article{evgeniou2000regularization,
  title={Regularization networks and support vector machines},
  author={Evgeniou, Theodoros and Pontil, Massimiliano and Poggio, Tomaso},
  journal={Advances in Computational Mathematics},
  volume={13},
  number={1},
  pages={1--50},
  year={2000},
  publisher={Springer}
}

@article{cucker2002best,
  title={Best choices for regularization parameters in learning theory: on the bias-variance problem},
  author={Cucker, Felipe and Smale, Steve},
  journal={Foundations of Computational Mathematics},
  volume={2},
  number={4},
  pages={413--428},
  year={2002},
  publisher={Springer}
}

@article{golub1979generalized,
  title={Generalized cross-validation as a method for choosing a good ridge parameter},
  author={Golub, Gene H and Heath, Michael and Wahba, Grace},
  journal={Technometrics},
  volume={21},
  number={2},
  pages={215--223},
  year={1979},
  publisher={Taylor \& Francis}
}

@book{scholkopf2002learning,
  title={Learning with kernels: support vector machines, regularization, optimization, and beyond},
  author={Sch{\"o}lkopf, Bernhard and Smola, Alexander J},
  year={2002},
  publisher={MIT press}
}

@article{bishop1995neural,
  title={Neural networks for pattern recognition},
  author={Bishop, Christopher M and others},
  year={1995},
  publisher={Clarendon press Oxford}
}

@incollection{smola2003kernels,
  title={Kernels and regularization on graphs},
  author={Smola, Alexander J and Kondor, Risi},
  booktitle={Learning theory and kernel machines},
  pages={144--158},
  year={2003},
  publisher={Springer}
}

@article{sonnenburg2006large,
  title={Large scale multiple kernel learning},
  author={Sonnenburg, S{\"o}ren and R{\"a}tsch, Gunnar and Sch{\"a}fer, Christin and Sch{\"o}lkopf, Bernhard},
  journal={The Journal of Machine Learning Research},
  volume={7},
  pages={1531--1565},
  year={2006},
  publisher={JMLR. org}
}

@article{hinton2006fast,
  title={A fast learning algorithm for deep belief nets},
  author={Hinton, Geoffrey and Osindero, Simon and Teh, Yee-Whye},
  journal={Neural computation},
  volume={18},
  number={7},
  pages={1527--1554},
  year={2006},
  publisher={MIT Press}
}

@inproceedings{kirk2007nvidia,
  title={NVIDIA CUDA software and GPU parallel computing architecture},
  author={Kirk, David and others},
  booktitle={ISMM},
  volume={7},
  pages={103--104},
  year={2007}
}

@article{geman1992neural,
  title={Neural networks and the bias/variance dilemma},
  author={Geman, Stuart and Bienenstock, Elie and Doursat, Ren{\'e}},
  journal={Neural computation},
  volume={4},
  number={1},
  pages={1--58},
  year={1992},
  publisher={MIT Press}
}

@inproceedings{krizhevsky2012imagenet,
  title={Imagenet classification with deep convolutional neural networks},
  author={Krizhevsky, Alex and Sutskever, Ilya and Hinton, Geoffrey E},
  booktitle={Advances in neural information processing systems},
  pages={1097--1105},
  year={2012}
}

@inproceedings{sutskever2014sequence,
  title={Sequence to sequence learning with neural networks},
  author={Sutskever, Ilya and Vinyals, Oriol and Le, Quoc VV},
  booktitle={Advances in Neural Information Processing Systems},
  pages={3104--3112},
  year={2014}
}

@inproceedings{joachims2003transductive,
  title={Transductive learning via spectral graph partitioning},
  author={Joachims, Thorsten and others},
  booktitle={ICML},
  volume={3},
  pages={290--297},
  year={2003}
}

@article{cortes1995support,
  title={Support-vector networks},
  author={Cortes, Corinna and Vapnik, Vladimir},
  journal={Machine learning},
  volume={20},
  number={3},
  pages={273--297},
  year={1995},
  publisher={Springer}
}

@article{eggensperger2015efficient,
  title={Efficient Benchmarking of Hyperparameter Optimizers via Surrogates},
  author={Eggensperger, Katharina and Hutter, Frank and Hoos, Holger H and Leyton-Brown, Kevin},
  year={2015}
}

@inproceedings{eggensperger2013towards,
  title={Towards an empirical foundation for assessing {Bayesian} optimization of hyperparameters},
  author={Eggensperger, Katharina and Feurer, Matthias and Hutter, Frank and Bergstra, James and Snoek, Jasper and Hoos, Holger and Leyton-Brown, Kevin},
  booktitle={NIPS workshop on Bayesian Optimization in Theory and Practice},
  year={2013}
}

@inproceedings{bergstra2013making,
  title={Making a science of model search: Hyperparameter optimization in hundreds of dimensions for vision architectures},
  author={Bergstra, James and Yamins, Daniel and Cox, David},
  booktitle={Proceedings of The 30th International Conference on Machine Learning},
  pages={115--123},
  year={2013}
}

@article{chang2011libsvm,
  title={{LIBSVM}: a library for support vector machines},
  author={Chang, Chih-Chung and Lin, Chih-Jen},
  journal={ACM Transactions on Intelligent Systems and Technology (TIST)},
  volume={2},
  number={3},
  pages={27},
  year={2011},
  publisher={ACM}
}

@inproceedings{dean2012large,
  title={Large scale distributed deep networks},
  author={Dean, Jeffrey and Corrado, Greg and Monga, Rajat and Chen, Kai and Devin, Matthieu and Mao, Mark and Senior, Andrew and Tucker, Paul and Yang, Ke and Le, Quoc V and others},
  booktitle={Advances in Neural Information Processing Systems},
  pages={1223--1231},
  year={2012}
}


@inproceedings{cawley2004efficient,
  title={Efficient model selection for kernel logistic regression},
  author={Cawley, Gavin C and Talbot, Nicola LC},
  booktitle={Proceedings of the 17th International Conference on Pattern Recognition (ICPR 2004)},
  volume={2},
  pages={439--442},
  year={2004},
  organization={IEEE}
}

@article{tsai2006tuning,
  title={Tuning the structure and parameters of a neural network by using hybrid Taguchi-genetic algorithm},
  author={Tsai, Jinn-Tsong and Chou, Jyh-Horng and Liu, Tung-Kuan},
  journal={Neural Networks, IEEE Transactions on},
  volume={17},
  number={1},
  pages={69--80},
  year={2006},
  publisher={IEEE}
}

@inproceedings{thornton2013auto,
  title={Auto-WEKA: Combined selection and hyperparameter optimization of classification algorithms},
  author={Thornton, Chris and Hutter, Frank and Hoos, Holger H and Leyton-Brown, Kevin},
  booktitle={Proceedings of the 19th ACM SIGKDD international conference on Knowledge discovery and data mining},
  pages={847--855},
  year={2013},
  organization={ACM}
}

@article{meissner2006optimized,
  title={Optimized Particle Swarm Optimization {(OPSO)} and its application to artificial neural network training},
  author={Meissner, Michael and Schmuker, Michael and Schneider, Gisbert},
  journal={BMC bioinformatics},
  volume={7},
  number={1},
  pages={125},
  year={2006},
  publisher={BioMed Central Ltd}
}

@article{bachoc2013cross,
  title={Cross Validation and Maximum Likelihood estimations of hyper-parameters of Gaussian processes with model misspecification},
  author={Bachoc, Fran{\c{c}}ois},
  journal={Computational Statistics \& Data Analysis},
  volume={66},
  pages={55--69},
  year={2013},
  publisher={Elsevier}
}

@article{lin2008particle,
  title={Particle swarm optimization for parameter determination and feature selection of support vector machines},
  author={Lin, Shih-Wei and Ying, Kuo-Ching and Chen, Shih-Chieh and Lee, Zne-Jung},
  journal={Expert systems with applications},
  volume={35},
  number={4},
  pages={1817--1824},
  year={2008},
  publisher={Elsevier}
}


@incollection{birattari2010f,
  title={F-Race and iterated F-Race: An overview},
  author={Birattari, Mauro and Yuan, Zhi and Balaprakash, Prasanna and St{\"u}tzle, Thomas},
  booktitle={Experimental methods for the analysis of optimization algorithms},
  pages={311--336},
  year={2010},
  publisher={Springer}
}

@article{guyondesign,
  title={Design of the 2015 ChaLearn AutoML Challenge},
  author={Guyon, Isabelle and Bennett, Kristin and Cawley, Gavin and Escalante, Hugo Jair and Escalera, Sergio and Ho, Tin Kam and Macia, N{\'u}ria and Ray, Bisakha and Saeed, Mehreen and Statnikov, Alexander and others}
}

@article{CC01a,
 author = {Chang, Chih-Chung and Lin, Chih-Jen},
 title = {{LIBSVM}: A library for support vector machines},
 journal = {ACM Transactions on Intelligent Systems and Technology},
 volume = {2},
 issue = {3},
 year = {2011},
 pages = {27:1--27:27},
 note =	 {Software available at \url{http://www.csie.ntu.edu.tw/~cjlin/libsvm}}
}

@article{Cortes:1995:SN:218919.218929,
 author = {Cortes, Corinna and Vapnik, Vladimir},
 title = {Support-Vector Networks},
 journal = {Machine Learning},
 issue_date = {Sept. 1995},
 volume = {20},
 number = {3},
 month = sep,
 year = {1995},
 pages = {273--297},
 numpages = {25},
 acmid = {218929},
 publisher = {Kluwer Academic Publishers},
 address = {Hingham, MA, USA},
 keywords = {efficient learning algorithms, neural networks, pattern recognition, polynomial classifiers, radial basis function classifiers},
} 
 issn = {0885-6125},
 

@ARTICLE{Bousquet02stabilityand,
    author = {Olivier Bousquet and Andre Elisseeff},
    title = {Stability and Generalization},
    journal = {Journal of Machine Learning Research},
    year = {2002},
    volume = {2},
    pages = {499--526}
}

@incollection{Platt:1999:FTS:299094.299105,
 author = {Platt, John C.},
 chapter = {Fast training of support vector machines using sequential minimal optimization},
 title = {Advances in kernel methods},
 editor = {Sch\"{o}lkopf, Bernhard and Burges, Christopher J. C. and Smola, Alexander J.},
 year = {1999},
 pages = {185--208},
 numpages = {24},
 acmid = {299105},
 publisher = {MIT Press},
 address = {Cambridge, MA, USA},
} 
 isbn = {0-262-19416-3},



@INPROCEEDINGS{Bottou08thetradeoffs,
    author = {L\'{e}on Bottou and Olivier Bousquet},
    title = {The tradeoffs of large scale learning},
    booktitle = {Advances in neural information processing systems 20},
    year = {2008},
    pages = {161--168},
    publisher = {}
}

@article{Fan:2008:LLL:1390681.1442794,
 author = {Fan, Rong-En and Chang, Kai-Wei and Hsieh, Cho-Jui and Wang, Xiang-Rui and Lin, Chih-Jen},
 title = {\mbox{LIBLINEAR}: A Library for Large Linear Classification},
 journal = {Journal of Machine Learning Research},
 issue_date = {6/1/2008},
 volume = {9},
 month = jun,
 year = {2008},
 pages = {1871--1874},
 numpages = {4},
 acmid = {1442794},
 publisher = {JMLR.org},
} 
 issn = {1532-4435},

@inproceedings{Shalev-Shwartz:2007:PPE:1273496.1273598,
 author = {Shalev-Shwartz, Shai and Singer, Yoram and Srebro, Nathan},
 title = {Pegasos: Primal Estimated sub-GrAdient SOlver for {SVM}},
 booktitle = {Proceedings of the 24th international conference on Machine learning},
 series = {ICML '07},
 year = {2007},
 location = {Corvalis, Oregon},
 pages = {807--814},
 numpages = {8},
 publisher = {ACM},
 address = {New York, NY, USA},
} 

@inproceedings{bottou07svm,
    address = {Cambridge, MA, USA},
    author = {Bottou, L\'{e}on and Lin, Chih-Jen},
    booktitle = {Large Scale Kernel Machines},
    citeulike-article-id = {3929609},
    editor = {Bottou, L\'{e}on and Chapelle, Olivier and {DeCoste}, Dennis and Weston, Jason},
    keywords = {implementation, svm},
    pages = {301--320},
    posted-at = {2009-01-23 15:01:38},
    priority = {2},
    publisher = {MIT Press},
    title = {{Support Vector Machine Solvers}},
    year = {2007}
}

@InProceedings{NL09a,
  title={{SVM}-optimization and steepest-descent line search},
  author = 	 {Nikolas List and Hans Ulrich Simon},
  booktitle = 	 {Proceedings of the 22nd Annual Conference on Computational Learning Theory},
  year={2009}
}

@inproceedings{Valentini03lowbias,
  title={Low bias bagged support vector machines},
  author={Valentini, Giorgio and Dietterich, Thomas G},
  booktitle={ICML},
  pages={752--759},
  year={2003}
}
    
@article{Wang20096466,
title = "Empirical analysis of support vector machine ensemble classifiers",
journal = "Expert Systems with Applications",
volume = "36",
number = "3, Part 2",
pages = "6466 - 6476",
year = "2009",
author = "{Shi-jin} Wang and Avin Mathew and Yan Chen and {Li-feng} Xi and Lin Ma and Jay Lee",
}

@INPROCEEDINGS{5646323, 
author={Bin Linghu and Bing-Yu Sun}, 
booktitle={Knowledge Acquisition and Modeling (KAM), 2010 3rd International Symposium on}, title={Constructing effective {SVM} ensembles for image classification}, 
year={2010}, 
pages={80-83},  
}

@article{citeulike:9860864,
    author = {Mordelet, Fantine and Vert, Jean-Philippe P.},
    journal = {BMC bioinformatics},
    keywords = {prioritization},
    number = {1},
    pages = {389+},
    pmcid = {PMC3215680},
    pmid = {21977986},
    posted-at = {2011-10-28 08:53:13},
    priority = {2},
    title = {{ProDiGe: Prioritization Of Disease Genes with multitask machine learning from positive and unlabeled examples.}},
    volume = {12},
    year = {2011}
}
    
@article{Blackard00covtype,
    author = {Blackard, Jock A. and Dean, Denis J.},
    citeulike-article-id = {6472679},
    journal = {Computers and Electronics in Agriculture},
    keywords = {file-import-10-01-14},
    month = dec,
    number = {3},
    pages = {131--151},
    posted-at = {2010-01-03 10:24:57},
    priority = {2},
    title = {{Comparative accuracies of artificial neural networks and discriminant analysis in predicting forest cover types from cartographic variables}},
    volume = {24},
    year = {1999}
}

@article{Collobert02,
        author = {Collobert, Ronan and Bengio, Samy and Bengio, Yoshua},
    citeulike-article-id = {5943505},
    eprint = {http://neco.mitpress.org/cgi/reprint/14/5/1105.pdf},
    journal = {Neural Computation},
    keywords = {parallel, svm},
    number = {5},
    pages = {1105--1114},
    posted-at = {2009-10-15 11:30:28},
    priority = {0},
    title = {A Parallel Mixture of {SVMs} for Very Large Scale Problems},
    volume = {14},
    year = {2002}
}

@article{ensemblesvm-jmlr,
  author  = {Marc Claesen and Frank De Smet and Johan A.K. Suykens and Bart De Moor},
  title   = {{EnsembleSVM}: A Library for Ensemble Learning Using Support Vector Machines},
  journal = {Journal of Machine Learning Research},
  year    = {2014},
  volume  = {15},
  pages   = {141-145},
  url     = {http://jmlr.org/papers/v15/claesen14a.html}
}



@article{rao1997out,
  title={The out-of-bootstrap method for model averaging and selection},
  author={Rao, J Sunil and Tibshirani, Robert},
  journal={University of Toronto},
  year={1997},
  publisher={Citeseer}
}

@inproceedings{cawley2006leave,
  title={Leave-one-out cross-validation based model selection criteria for weighted {LS-SVMs}},
  author={Cawley, Gavin C},
  booktitle={Neural Networks, 2006. IJCNN'06. International Joint Conference on},
  pages={1661--1668},
  year={2006},
  organization={IEEE}
}

@article{grandvalet2004bagging,
  title={Bagging equalizes influence},
  author={Grandvalet, Yves},
  journal={Machine Learning},
  volume={55},
  number={3},
  pages={251--270},
  year={2004},
  publisher={Springer}
}

@article{breiman2000randomizing,
  title={Randomizing outputs to increase prediction accuracy},
  author={Breiman, Leo},
  journal={Machine Learning},
  volume={40},
  number={3},
  pages={229--242},
  year={2000},
  publisher={Springer}
}

@inproceedings{pechenizkiy2006class,
  title={Class noise and supervised learning in medical domains: The effect of feature extraction},
  author={Pechenizkiy, Mykola and Tsymbal, Alexey and Puuronen, Seppo and Pechenizkiy, Oleksandr},
  booktitle={Computer-Based Medical Systems, 2006. CBMS 2006. 19th IEEE International Symposium on},
  pages={708--713},
  year={2006},
  organization={IEEE}
}

@article{zhu2004class,
  title={Class noise vs. attribute noise: A quantitative study},
  author={Zhu, Xingquan and Wu, Xindong},
  journal={Artificial Intelligence Review},
  volume={22},
  number={3},
  pages={177--210},
  year={2004},
  publisher={Springer}
}

@inproceedings{hoi2004biased,
  title={Biased support vector machine for relevance feedback in image retrieval},
  author={Hoi, Chu-Hong and Chan, Chi-Hang and Huang, Kaizhu and Lyu, Michael R and King, Irwin},
  booktitle={Neural Networks, 2004. Proceedings. 2004 IEEE International Joint Conference on},
  volume={4},
  pages={3189--3194},
  year={2004},
  organization={IEEE}
}

@article{bauer1999empirical,
  title={An empirical comparison of voting classification algorithms: Bagging, boosting, and variants},
  author={Bauer, Eric and Kohavi, Ron},
  journal={Machine learning},
  volume={36},
  number={1-2},
  pages={105--139},
  year={1999},
  publisher={Springer}
}

@incollection{biasvariance,
year={2000},
isbn={978-3-540-67339-2},
booktitle={Genetic Programming},
volume={1802},
series={Lecture Notes in Computer Science},
editor={Poli, Riccardo and Banzhaf, Wolfgang and Langdon, William B. and Miller, Julian and Nordin, Peter and Fogarty, Terence C.},
doi={10.1007/978-3-540-46239-2_6},
title={Genetic Programming, Ensemble Methods and the Bias/Variance Tradeoff – Introductory Investigations},
url={http://dx.doi.org/10.1007/978-3-540-46239-2_6},
publisher={Springer Berlin Heidelberg},
author={Keijzer, Maarten and Babovic, Vladan},
pages={76-90}
}

@INPROCEEDINGS{Lecun98gradient-basedlearning,
    author = {Yann {LeCun} and L\'eon Bottou and Yoshua Bengio and Patrick Haffner},
    title = {Gradient-based learning applied to document recognition},
    booktitle = {Proceedings of the IEEE},
    year = {1998},
    pages = {2278--2324}
}

@article{fan2008liblinear,
  title={{LIBLINEAR}: A library for large linear classification},
  author={Fan, Rong-En and Chang, Kai-Wei and Hsieh, Cho-Jui and Wang, Xiang-Rui and Lin, Chih-Jen},
  journal={Journal of Machine Learning Research},
  volume={9},
  pages={1871--1874},
  year={2008},
  publisher={JMLR. org}
}

@article{claesen14,
  author  = {Marc Claesen and Frank De Smet and Johan A.K. Suykens and Bart De Moor},
  title   = {{EnsembleSVM}: A Library for Ensemble Learning Using Support Vector Machines},
  journal = {Journal of Machine Learning Research},
  year    = {2014},
  volume  = {15},
  pages   = {141-145},
  url     = {http://jmlr.org/papers/v15/claesen14a.html}
}

@article{sifrim2013extasy,
  title={{eXtasy}: Variant Prioritization by Genomic Data Fusion},
  author={Sifrim, Alejandro and Popovic, Dusan and Tranchevent, L{\'e}on-Charles and Arderschirdavani, Amin and Sakai, Ryo and Konings, Peter and Vermeesch, Joris and Aerts, Jan and De Moor, Bart and Moreau, Yves},
  journal={Nature Methods},
  pages={1083--1084},
  volume={10},
  year={2013},
  doi={http://dx.doi.org/10.1038/nmeth.2656},
  publisher={Nature Publishing Group}
}

@INPROCEEDINGS{Tax99datadomain,
    author = {David M. J. Tax and Robert P. W. Duin},
    title = {Data domain description using support vectors},
    booktitle = {Proceedings of the European Symposium on Artificial Neural Networks},
    year = {1999},
    pages = {251--256}
}

@ARTICLE{Tax99supportvector,
    author = {David M. J. Tax and Robert P. W. Duin},
    title = {Support vector domain description},
    journal = {Pattern Recognition Letters},
    year = {1999},
    volume = {20},
    pages = {1191--1199}
}
 

@article{Scholkopf:2001:ESH:1119748.1119749,
 author = {Sch\"{o}lkopf, Bernhard and Platt, John C. and Shawe-Taylor, John C. and Smola, Alex J. and Williamson, Robert C.},
 title = {Estimating the Support of a High-Dimensional Distribution},
 journal = {Neural Computation},
 issue_date = {July 2001},
 volume = {13},
 number = {7},
 month = jul,
 year = {2001},
 issn = {0899-7667},
 pages = {1443--1471},
 numpages = {29},
 publisher = {MIT Press},
 address = {Cambridge, MA, USA},
} 

@article{Fisher36,
    author = {Fisher, Ronald A.},
    citeulike-article-id = {764226},
    journal = {Annals Eugen.},
    keywords = {classification},
    pages = {179--188},
    posted-at = {2006-09-18 14:06:16},
    priority = {2},
    title = {{The use of multiple measurements in taxonomic problems}},
    volume = {7},
    year = {1936}
}

@INPROCEEDINGS{Lee03learningwith,
    author = {Wee Sun Lee and Bing Liu},
    title = {Learning with Positive and Unlabeled Examples Using Weighted Logistic Regression},
    booktitle = {Proceedings of the Twentieth International Conference on Machine Learning (ICML)},
    year = {2003},
    pages={448--455}
}

@article{breiman2001random,
  title={Random forests},
  author={Breiman, Leo},
  journal={Machine learning},
  volume={45},
  number={1},
  pages={5--32},
  year={2001},
  publisher={Springer}
}

@ARTICLE{CHH05,
        AUTHOR = {Deng Cai and Xiaofei He and Jiawei Han},
        TITLE = {Document Clustering Using Locality Preserving Indexing},
        JOURNAL = {IEEE Transactions on Knowledge and Data Engineering},
        YEAR = {2005},
        volume = {17},
        number = {12},
        pages = {1624-1637},
        month = {December},
}


@ARTICLE{frenay, 
author={Frenay, B. and Verleysen, M.}, 
journal={Neural Networks and Learning Systems, IEEE Transactions on}, 
title={Classification in the Presence of Label Noise: A Survey}, 
year={2014}, 
month={May}, 
volume={25}, 
number={5}, 
pages={845-869}, 
keywords={learning (artificial intelligence);pattern classification;label noise classification;label noise cleansing algorithm;label noise-robust algorithm;label noise-tolerant algorithms;machine learning;potential negative consequences;Context;Labeling;Noise;Noise measurement;Reliability;Taxonomy;Training;Class noise;classification;label noise;mislabeling;robust methods;survey;survey.}, 
doi={10.1109/TNNLS.2013.2292894}, 
ISSN={2162-237X},}

@inproceedings{LEWIS91c 
  ,author = "David D. Lewis" 
  ,title = "Evaluating Text Categorization" 
  ,booktitle = "Proceedings of Speech and Natural Language Workshop" 
  ,year = 1991 
  ,month = feb 
  ,organization = "Defense Advanced Research Projects Agency" 
  ,publisher = "Morgan Kaufmann" 
  ,pages = "312--318" 

}

@MISC{Street93nuclearfeature,
    author = {Nick Street and William H. Wolberg and O. L. Mangasarian},
    title = {Nuclear Feature Extraction For Breast Tumor Diagnosis},
    year = {1993}
}

@MISC{Wolberg_machinelearning,
    author = {William H. Wolberg and W. Nick Street and O. L. Mangasarian},
    title = { MACHINE LEARNING TECHNIQUES TO DIAGNOSE BREAST CANCER FROM IMAGE-PROCESSED NUCLEAR FEATURES OF FINE NEEDLE ASPIRATES},
    year = {1994}
}

@inproceedings{Li03learningto,
    address = {San Francisco, CA, USA},
    author = {Li, Xiaoli and Liu, Bing},
    booktitle = {IJCAI'03: Proceedings of the 18th international joint conference on Artificial intelligence},
    location = {Acapulco, Mexico},
    pages = {587--592},
    posted-at = {2010-06-13 22:32:23},
    priority = {2},
    publisher = {Morgan Kaufmann Publishers Inc.},
    title = {{Learning to classify texts using positive and unlabeled data}},
    year = {2003}
}


@article{mordelet2011prodige,
  title={{ProDiGe}: Prioritization Of Disease Genes with multitask machine learning from positive and unlabeled examples},
  author={Mordelet, Fantine and Vert, Jean-Philippe},
  journal={BMC bioinformatics},
  volume={12},
  number={1},
  pages={389},
  year={2011},
  publisher={BioMed Central Ltd}
}


@misc{Liu03buildingtext,
    author = {Bing Liu and Yang Dai and Xiaoli Li and Wee Sun Lee and Philip S. Yu},
    title = {Building text classifiers using positive and unlabeled examples},
    booktitle = {In: International Conference on Data Mining},
    year = {2003},
    pages = {179--188}
}

@inproceedings{Liu:2005:PSC:2138033.2138052,
 author = {Liu, Zhigang and Shi, Wenzhong and Li, Deren and Qin, Qianqing},
 title = {Partially supervised classification -- based on weighted unlabeled samples support vector machine},
 booktitle = {Proceedings of the First international conference on Advanced Data Mining and Applications},
 series = {ADMA'05},
 year = {2005},
 isbn = {3-540-27894-X, 978-3-540-27894-8},
 location = {Wuhan, China},
 pages = {118--129},
 numpages = {12},
 publisher = {Springer-Verlag},
 address = {Berlin, Heidelberg},
} 

@article{prokhorov2001ijcnn,
  title={{IJCNN} 2001 neural network competition},
  author={Prokhorov, Danil},
  journal={Slide presentation in IJCNN},
  organization = {Ford Research Laboratory},
  year={2001}
}

@article{duarte2004vehicle,
  title={Vehicle classification in distributed sensor networks},
  author={Duarte, Marco F and Hen Hu, Yu},
  journal={Journal of Parallel and Distributed Computing},
  volume={64},
  number={7},
  pages={826--838},
  year={2004},
  publisher={Elsevier}
}

@article{martinez2010out,
  title={Out-of-bag estimation of the optimal sample size in bagging},
  author={Mart{\'\i}nez-Mu{\~n}oz, Gonzalo and Su{\'a}rez, Alberto},
  journal={Pattern Recognition},
  volume={43},
  number={1},
  pages={143--152},
  year={2010},
  publisher={Elsevier}
}

@article{Ratsch:2002:CBA:628330.628816,
 author = {R\"{a}tsch, Gunnar and Mika, Sebastian and Sch\"{o}lkopf, Bernhard and M\"{u}ller, Klaus-Robert},
 title = {Constructing Boosting Algorithms from {SVMs}: An Application to One-Class Classification},
 journal = {IEEE Transactions on Pattern Analysis and Machine Intelligence},
 issue_date = {September 2002},
 volume = {24},
 number = {9},
 month = sep,
 year = {2002},
 issn = {0162-8828},
 pages = {1184--1199},
 numpages = {16},
 publisher = {IEEE Computer Society},
 address = {Washington, DC, USA},
 keywords = {Boosting, SVMs, one-class classification, unsupervised learning, novelty detection.},
} 

@inproceedings{Liu:2003:BTC:951949.952139,
 author = {Liu, Bing and Dai, Yang and Li, Xiaoli and Lee, Wee Sun and Yu, Philip S.},
 title = {Building Text Classifiers Using Positive and Unlabeled Examples},
 booktitle = {Proceedings of the Third IEEE International Conference on Data Mining},
 series = {ICDM '03},
 year = {2003},
 isbn = {0-7695-1978-4},
 pages = {179--186},
 publisher = {IEEE Computer Society},
 address = {Washington, DC, USA},
} 


@book{Vapnik95nature,
  author = {Vladimir N. Vapnik},
  interhash = {98898576dfede7a15fcbf60cad98f9c0},
  intrahash = {b5cfca01ab84434d5116fee42af5f7d8},
  publisher = { Springer-Verlag New York, Inc. },
  title = { The nature of statistical learning theory },
  year = { 1995 },
  keywords = {imported},
  isbn = {0-387-94559-8},
}


@INPROCEEDINGS{Lazarevic03acomparative,
    author = {Ar Lazarevic and Aysel Ozgur and Levent Ertoz and Jaideep Srivastava and Vipin Kumar},
    title = {A comparative study of anomaly detection schemes in network intrusion detection},
    booktitle = {Proceedings of the Third SIAM International Conference on Data Mining},
    year = {2003}
}

@inproceedings{Yu02pebl:positive,
    address = {New York, NY, USA},
    author = {Yu, Hwanjo and Han, Jiawei and Chang, Kevin C.},
    booktitle = {KDD '02: Proceedings of the eighth ACM SIGKDD international conference on Knowledge discovery and data mining},
    isbn = {158113567X},
    keywords = {occ-applications, occ-support-vector, occ-to-supervised},
    pages = {239--248},
    publisher = {ACM Press},
    title = {{PEBL}: positive example based learning for Web page classification using {SVM}},
    year = {2002}
}



@ARTICLE{Manevitz01one-classsvms,
    author = {Larry M. Manevitz and Malik Yousef and Nello Cristianini and John Shawe-taylor and Bob Williamson},
    title = {One-Class {SVMs} for Document Classification},
    journal = {Journal of Machine Learning Research},
    year = {2001},
    volume = {2},
    pages = {139--154}
}

@inproceedings{Blum:1998:CLU:279943.279962,
 author = {Blum, Avrim and Mitchell, Tom},
 title = {Combining labeled and unlabeled data with co-training},
 booktitle = {Proceedings of the eleventh annual conference on Computational learning theory},
 series = {COLT' 98},
 year = {1998},
 isbn = {1-58113-057-0},
 location = {Madison, Wisconsin, United States},
 pages = {92--100},
 numpages = {9},
 publisher = {ACM},
 address = {New York, NY, USA},
} 

@techreport{zhu05survey,
author = "Xiaojin Zhu",
title = "Semi-Supervised Learning Literature Survey",
institution = "Computer Sciences, University of Wisconsin-Madison",
number = "1530",
year = 2005
}

@inproceedings{Joachims99transductiveinference,
    address = {Bled, SL},
    author = {Joachims, Thorsten},
    booktitle = {Proceedings of ICML-99, 16th International Conference on Machine Learning},
    editor = {Bratko, Ivan and Dzeroski, Saso},
    keywords = {semi-supervised, svm, transductive},
    pages = {200--209},
    priority = {2},
    publisher = {Morgan Kaufmann Publishers, San Francisco, US},
    title = {{Transductive Inference for Text Classification using Support Vector Machines}},
    year = {1999}
}


@INPROCEEDINGS{Veropoulos99controllingthe,
    author = {K. Veropoulos and C. Campbell and N. Cristianini},
    title = {Controlling the Sensitivity of Support Vector Machines},
    booktitle = {Proceedings of the International Joint Conference on AI},
    year = {1999},
    pages = {55--60}
}

@inproceedings{DBLP:conf/esann/PelckmansS09,
  author    = {Kristiaan Pelckmans and
               Johan A. K. Suykens},
  title     = {Transductively Learning from Positive Examples Only},
  booktitle = {ESANN},
  year      = {2009},
  ee        = {http://www.dice.ucl.ac.be/Proceedings/esann/esannpdf/es2009-80.pdf},
}
@proceedings{DBLP:conf/esann/2009,
  title     = {ESANN 2009, 17th European Symposium on Artificial Neural
               Networks, Bruges, Belgium, April 22-24, 2009, Proceedings},
  booktitle = {ESANN},
  year      = {2009},
  ee        = {http://www.dice.ucl.ac.be/esann/proceedings/papers.php?ann=2009},
}

@article{MORDELET-2010-523336,
  title={A bagging {SVM} to learn from positive and unlabeled examples},
  author={Mordelet, Fantine and Vert, Jean-Philippe},
  journal={arXiv preprint arXiv:1010.0772},
  year={2010}
}

@ARTICLE{Bousquet02stabilityand,
    author = {Olivier Bousquet and Andre Elisseeff},
    title = {Stability and Generalization},
    journal = {Journal of Machine Learning Research},
    year = {2002},
    volume = {2},
    pages = {499--526}
}


@inproceedings{DBLP:conf/cikm/CaiMHZ08,
  author    = {Deng Cai and
               Qiaozhu Mei and
               Jiawei Han and
               Chengxiang Zhai},
  title     = {Modeling hidden topics on document manifold},
  booktitle = {CIKM},
  year      = {2008},
  pages     = {911-920},
}
@proceedings{DBLP:conf/cikm/2008,
  editor    = {James G. Shanahan and
               Sihem Amer-Yahia and
               Ioana Manolescu and
               Yi Zhang and
               David A. Evans and
               Aleksander Kolcz and
               Key-Sun Choi and
               Abdur Chowdhury},
  title     = {Proceedings of the 17th ACM Conference on Information and
               Knowledge Management, CIKM 2008, Napa Valley, California,
               USA, October 26-30, 2008},
  booktitle = {CIKM},
  publisher = {ACM},
  year      = {2008},
  isbn      = {978-1-59593-991-3},
}

@article{Apte94automatedlearning,
    author = {Apte, C. and Damerau, F. and Weiss, S. M. and Apte, Chidanand and Damerau, Fred and Weiss, Sholom M.},
    journal = {ACM Transactions on Information Systems},
    keywords = {file-import-09-06-20},
    pages = {233--251},
    title = {{Automated Learning of Decision Rules for Text Categorization}},
    volume = {12},
    year = {1994}
}

@TechReport{Hamers03coupledtransductive,
  author = 	 {Bart Hamers and Johan A. K. Suykens and Bart De Moor},
  title = 	 {Coupled Transductive Ensemble Learning of Kernel Models},
  institution =  {ESAT-SISTA, K.U. Leuven},
  year = 	 {2003},
  type = 	 {Internal Report},
  number = 	 {03-172},
  address = 	 {Leuven, Belgium},
 }

@article{citeulike:3443692,
    author = {Wu, Ting-Fan and Lin, Chih-Jen and Weng, Ruby C.},
    journal = {Journal of Machine Learning Research},
    keywords = {machine\_learning, milk, svm},
    pages = {975--1005},
    priority = {2},
    title = {{Probability estimates for multi-class classification by pairwise coupling}},
    volume = {5},
    year = {2004}
}

@ARTICLE{Tibshirani94regressionshrinkage,
    author = {Robert Tibshirani},
    title = {Regression Shrinkage and Selection Via the Lasso},
    journal = {Journal of the Royal Statistical Society, Series B},
    year = {1994},
    volume = {58},
    pages = {267--288}
}

@misc{citeulike:2049181,
    author = {Platt, J.},
    keywords = {svm, text-categorization},
    priority = {3},
    title = {{Sequential minimal optimization: A fast algorithm for training support vector machines}},
    year = {1998}
}

@article{citeulike:530839,
    address = {Cambridge, MA, USA},
    author = {Joachims, Thorsten},
    isbn = {0-262-19416-3},
    keywords = {machines, support, svm, vector},
    pages = {169--184},
    priority = {2},
    publisher = {MIT Press},
    title = {{Making large-scale support vector machine learning practical}},
    year = {1999}
}


@article{Cai:2011:LCC:1978259.1978527,
 author = {Cai, Deng and He, Xiaofei and Han, Jiawei},
 title = {Locally Consistent Concept Factorization for Document Clustering},
 journal = {IEEE Trans. on Knowl. and Data Eng.},
 issue_date = {June 2011},
 volume = {23},
 number = {6},
 month = jun,
 year = {2011},
 issn = {1041-4347},
 pages = {902--913},
 numpages = {12},
 publisher = {IEEE Educational Activities Department},
 address = {Piscataway, NJ, USA},
 keywords = {Nonnegative matrix factorization, concept factorization, graph Laplacian, manifold regularization, clustering.},
} 


@article{citeulike:615632,
    author = {Aerts, Stein and Lambrechts, Diether and Maity, Sunit and Van Loo, Peter and Coessens, Bert and De Smet, Frederik and Tranchevent, Leon-Charles and De Moor, Bart and Marynen, Peter and Hassan, Bassem and Carmeliet, Peter and Moreau, Yves},
    comment = {Software for gene prioritizations using rank-aggregating statistics for ranked lists from various sources},
    day = {05},
    issn = {1087-0156},
    journal = {Nature Biotechnology},
    keywords = {genomics, rank-aggregation},
    month = may,
    number = {5},
    pages = {537--544},
    pmid = {16680138},
    posted-at = {2010-07-26 13:09:23},
    priority = {0},
    publisher = {Nature Publishing Group},
    title = {{Gene prioritization through genomic data fusion}},
    volume = {24},
    year = {2006}
}

@article{citeulike:3911,
    author = {Shoichet, Brian K.},
    day = {15},
    issn = {0028-0836},
    journal = {Nature},
    keywords = {biophysics, docking, review, structure},
    month = dec,
    number = {7019},
    pages = {862--865},
    pmid = {15602552},
    priority = {2},
    publisher = {Nature Publishing Group},
    title = {{Virtual screening of chemical libraries}},
    volume = {432},
    year = {2004}
}

@article{citeulike:3874823,
    author = {Kitteringham, Neil R. and Jenkins, Rosalind E. and Lane, Catherine S. and Elliott, Victoria L. and Park, B. Kevin},
    day = {1},
    issn = {1873-376X},
    journal = {Journal of chromatography. B, Analytical technologies in the biomedical and life sciences},
    keywords = {biomarkers, mrm, quantitative},
    month = may,
    number = {13},
    pages = {1229--1239},
    pmid = {19041286},
    priority = {2},
    title = {{Multiple reaction monitoring for quantitative biomarker analysis in proteomics and metabolomics.}},
    volume = {877},
    year = {2009}
}


@article{blanchard2010semi,
  title={Semi-supervised novelty detection},
  author={Blanchard, Gilles and Lee, Gyemin and Scott, Clayton},
  journal={Journal of Machine Learning Research},
  volume={11},
  pages={2973--3009},
  year={2010},
  publisher={JMLR. org}
}

@inproceedings{citeulike:4505179,
    author = {Scott, C. and Blanchard, G.},
    booktitle = {AISTATS: Artificial Intelligence and Statistics, JMLR: W\&CP 5},
    keywords = {artificial-negatives, neyman-pearson, semi-supervised},
    posted-at = {2009-05-12 14:57:53},
    priority = {2},
    title = {{Novelty detection: Unlabeled data definitely help}},
    url = {http://jmlr.csail.mit.edu/proceedings/papers/v5/scott09a.html},
    year = {2009}
}

@inproceedings{Davis:2006:RPR:1143844.1143874,
 author = {Davis, Jesse and Goadrich, Mark},
 title = {The relationship between Precision-Recall and {ROC} curves},
 booktitle = {Proceedings of the 23rd international conference on Machine learning},
 series = {ICML '06},
 year = {2006},
 isbn = {1-59593-383-2},
 location = {Pittsburgh, Pennsylvania},
 pages = {233--240},
 numpages = {8},
 publisher = {ACM},
 address = {New York, NY, USA},
} 

@TechReport{bksc,
  author = 	 {Carlos Alzate and Johan A. K. Suykens},
  title = 	 {A Semi-Supervised Formulation to Binary Kernel Spectral Clustering},
  institution =  {ESAT-SISTA, K.U. Leuven},
  year = 	 {2012},
  type = 	 {Internal Report},
  number = 	 {12-14},
  address =  {Leuven, Belgium},
}

@inproceedings{bksc2,
  author = 	 {Carlos Alzate and Johan A. K. Suykens},
  title = 	 {A Semi-Supervised Formulation to Binary Kernel Spectral Clustering},
  institution =  {ESAT-SISTA, K.U. Leuven},
  year = 	 {2012},
  month = {June},
  booktitle = {2012 IEEE World Congress on Computational Intelligence (IEEE WCCI/IJCNN 2012)},
  address = {Brisbane, Australia}
}

@article{dietterich2000experimental,
  title={An experimental comparison of three methods for constructing ensembles of decision trees: Bagging, boosting, and randomization},
  author={Dietterich, Thomas G},
  journal={Machine learning},
  volume={40},
  number={2},
  pages={139--157},
  year={2000},
  publisher={Springer}
}

@article{bottou2007support,
  title={Support vector machine solvers},
  author={Bottou, L{\'e}on and Lin, Chih-Jen},
  journal={Large scale kernel machines},
  pages={301--320},
  year={2007},
  publisher={Cambridge, MA: MIT Press}
}

@article{banfield2007comparison,
  title={A comparison of decision tree ensemble creation techniques},
  author={Banfield, Robert E and Hall, Lawrence O and Bowyer, Kevin W and Kegelmeyer, W Philip},
  journal={Pattern Analysis and Machine Intelligence, IEEE Transactions on},
  volume={29},
  number={1},
  pages={173--180},
  year={2007},
  publisher={IEEE}
}

@article{brown2005diversity,
  title={Diversity creation methods: a survey and categorisation},
  author={Brown, Gavin and Wyatt, Jeremy and Harris, Rachel and Yao, Xin},
  journal={Information Fusion},
  volume={6},
  number={1},
  pages={5--20},
  year={2005},
  publisher={Elsevier}
}

@article{bylander2002estimating,
  title={Estimating generalization error on two-class datasets using out-of-bag estimates},
  author={Bylander, Tom},
  journal={Machine Learning},
  volume={48},
  number={1-3},
  pages={287--297},
  year={2002},
  publisher={Springer}
}


@article{demvsar2006statistical,
  title={Statistical comparisons of classifiers over multiple data sets},
  author={Dem{\v{s}}ar, Janez},
  journal={Journal of Machine Learning Research},
  volume={7},
  pages={1--30},
  year={2006},
  publisher={JMLR. org}
}

@inproceedings{nemenyi1962distribution,
  title={Distribution-free multiple comparisons},
  author={Nemenyi, Peter},
  booktitle={BIOMETRICS},
  volume={18},
  number={2},
  pages={263},
  year={1962},
  organization={INTERNATIONAL BIOMETRIC SOC 1441 I ST, NW, SUITE 700, WASHINGTON, DC 20005-2210}
}

@article{varma2006bias,
  title={Bias in error estimation when using cross-validation for model selection},
  author={Varma, Sudhir and Simon, Richard},
  journal={BMC bioinformatics},
  volume={7},
  number={1},
  pages={91},
  year={2006},
  publisher={BioMed Central Ltd}
}

@article{pedregosa2011scikit,
  title={Scikit-learn: Machine learning in {Python}},
  author={Pedregosa, Fabian and Varoquaux, Ga{\"e}l and Gramfort, Alexandre and Michel, Vincent and Thirion, Bertrand and Grisel, Olivier and Blondel, Mathieu and Prettenhofer, Peter and Weiss, Ron and Dubourg, Vincent and others},
  journal={Journal of Machine Learning Research},
  volume={12},
  pages={2825--2830},
  year={2011},
  publisher={JMLR.org}
}

@article{mann1947test,
  title={On a test of whether one of two random variables is stochastically larger than the other},
  author={Mann, Henry B and Whitney, Donald R},
  journal={The annals of mathematical statistics},
  pages={50--60},
  year={1947},
  publisher={JSTOR},
  doi = {10.1214/aoms/1177730491}
}

@article{Claesen2015resvm,
title = "A robust ensemble approach to learn from positive and unlabeled data using {SVM} base models ",
journal = "Neurocomputing ",
volume = "160",
number = "0",
pages = "73 - 84",
year = "2015",
note = "",
issn = "0925-2312",
doi = "http://dx.doi.org/10.1016/j.neucom.2014.10.081",
url = "http://www.sciencedirect.com/science/article/pii/S0925231215001174",
author = "Marc Claesen and Frank De Smet and Johan A.K. Suykens and Bart De Moor",
keywords = "Classification",
keywords = "Semi-supervised learning",
keywords = "Ensemble learning",
keywords = "Support vector machine "
}

@article{claesen2015icml,
 author = {Claesen, Marc and Davis, Jesse and De Smet, Frank and De Moor, Bart},
 title = {Assessing binary classifiers using only positive and unlabeled data},
 journal = {arXiv preprint arXiv:1504.06837},
 url = {http://arxiv.org/abs/1504.06837},
 year = {2015},
} 


@article{claesen2014easy,
  title={Easy Hyperparameter Search Using {Optunity}},
  author={Claesen, Marc and Simm, Jaak and Popovic, Dusan and Moreau, Yves and De Moor, Bart},
  journal={arXiv preprint arXiv:1412.1114},
  url={http://arxiv.org/abs/1412.1114},
  year={2014}
}



@article{hanley1982meaning,
  title={The meaning and use of the area under a receiver operating characteristic ({ROC}) curve.},
  author={Hanley, James A and McNeil, Barbara J},
  journal={Radiology},
  volume={143},
  number={1},
  pages={29--36},
  year={1982}
}

@techreport{osuna1997,
    author = {Osuna, Edgar and Freund, Robert and Girosi, Federico},
    number = {AIM-1602},
    posted-at = {2005-12-09 13:43:28},
    priority = {2},
    title = {{Support Vector Machines: Training and Applications}},
    year = {1997}
}

@article{Breiman:1996:BP:231986.231989,
 author = {Breiman, Leo},
 title = {Bagging predictors},
 journal = {Machine Learning},
 issue_date = {Aug. 1996},
 volume = {24},
 number = {2},
 month = aug,
 year = {1996},
 issn = {0885-6125},
 pages = {123--140},
 numpages = {18},
 publisher = {Kluwer Academic Publishers},
 address = {Hingham, MA, USA},
 keywords = {aggregation, averaging, bootstrap, combining},
}

@article{JMLR:v14:demsar13a,
  author  = {Janez Dem\v{s}ar and Toma\v{z} Curk and Ale\v{s} Erjavec and \v{C}rt Gorup and Toma\v{z} Ho\v{c}evar and Mitar Milutinovi\v{c} and Martin Mo\v{z}ina and Matija Polajnar and Marko Toplak and An\v{z}e Stari\v{c} and Miha \v{S}tajdohar and Lan Umek and Lan \v{Z}agar and Jure \v{Z}bontar and Marinka \v{Z}itnik and Bla\v{z} Zupan},
  title   = {Orange: Data Mining Toolbox in Python},
  journal = {Journal of Machine Learning Research},
  year    = {2013},
  volume  = {14},
  pages   = {2349-2353},
  url     = {http://jmlr.org/papers/v14/demsar13a.html}
}

@article{JMLR:v15:claesen14a,
  author  = {Marc Claesen and Frank De Smet and Johan A.K. Suykens and Bart De Moor},
  title   = {{EnsembleSVM}: A Library for Ensemble Learning Using Support Vector Machines},
  journal = {Journal of Machine Learning Research},
  year    = {2014},
  volume  = {15},
  pages   = {141-145},
  url     = {http://jmlr.org/papers/v15/claesen14a.html}
}

@inproceedings{bergstra2011theano,
  title={Theano: Deep learning on gpus with python},
  author={Bergstra, James and Bastien, Fr{\'e}d{\'e}ric and Breuleux, Olivier and Lamblin, Pascal and Pascanu, Razvan and Delalleau, Olivier and Desjardins, Guillaume and Warde-Farley, David and Goodfellow, Ian and Bergeron, Arnaud and others},
  booktitle={NIPS 2011, BigLearning Workshop, Granada, Spain},
  year={2011}
}

@inproceedings{zaharia2010spark,
  title={Spark: cluster computing with working sets},
  author={Zaharia, Matei and Chowdhury, Mosharaf and Franklin, Michael J and Shenker, Scott and Stoica, Ion},
  booktitle={Proceedings of the 2nd USENIX conference on Hot topics in cloud computing},
  pages={1--7},
  year={2010}
}

%%%%%%%%%%%%%%%%%%%%%%%%%%%%%%%%%
%      COMPETING SOFTWARE
%%%%%%%%%%%%%%%%%%%%%%%%%%%%%%%%%

% these two citations are both about HyperOpt
@inproceedings{bergstra2011implementations,
  title={Implementations of algorithms for hyper-parameter optimization},
  author={Bergstra, James and Bardenet, R{\'e}mi and K{\'e}gl, B and Bengio, Y},
  booktitle={NIPS Workshop on Bayesian optimization},
  pages={29},
  year={2011}
}

@article{martinez2014bayesopt,
  title={{BayesOpt}: A {Bayesian} Optimization Library for Nonlinear Optimization, Experimental Design and Bandits},
  author={Martinez-Cantin, Ruben},
  journal={arXiv preprint arXiv:1405.7430},
  year={2014}
}


@article{DBLP:journals/corr/abs-1208-3719,
  author    = {Chris Thornton and
               Frank Hutter and
               Holger H. Hoos and
               Kevin Leyton-Brown},
  title     = {{Auto-WEKA}: Automated Selection and Hyper-Parameter Optimization
               of Classification Algorithms},
  journal   = {CoRR},
  volume    = {abs/1208.3719},
  year      = {2012},
  ee        = {http://arxiv.org/abs/1208.3719},
  bibsource = {DBLP, http://dblp.uni-trier.de}
}

@article{roustant2012dicekriging,
  title={{DiceKriging}, {DiceOptim}: Two {R} packages for the analysis of computer experiments by kriging-based metamodeling and optimization},
  author={Roustant, Olivier and Ginsbourger, David and Deville, Yves and others},
  year={2012}
}

%%%%%%%%%%%%%%%%%%%%%%%%%%%%%%%%%
%        SOLVER ALGORITHMS
%%%%%%%%%%%%%%%%%%%%%%%%%%%%%%%%%

% EGO
@article{jones1998efficient,
  title={Efficient global optimization of expensive black-box functions},
  author={Jones, Donald R and Schonlau, Matthias and Welch, William J},
  journal={Journal of Global optimization},
  volume={13},
  number={4},
  pages={455--492},
  year={1998},
  publisher={Springer}
}

% Nelder-Mead
@article{nelder1965simplex,
  title={A simplex method for function minimization},
  author={Nelder, John A and Mead, Roger},
  journal={The computer journal},
  volume={7},
  number={4},
  pages={308--313},
  year={1965},
  publisher={Br Computer Soc}
}

% SMAC
@incollection{hutter2011sequential,
  title={Sequential model-based optimization for general algorithm configuration},
  author={Hutter, Frank and Hoos, Holger H and Leyton-Brown, Kevin},
  booktitle={Learning and Intelligent Optimization},
  pages={507--523},
  year={2011},
  publisher={Springer}
}

@incollection{ansotegui2009gender,
  title={A gender-based genetic algorithm for the automatic configuration of algorithms},
  author={Ans{\'o}tegui, Carlos and Sellmann, Meinolf and Tierney, Kevin},
  booktitle={Principles and Practice of Constraint Programming-CP 2009},
  pages={142--157},
  year={2009},
  publisher={Springer}
}


% CMA-ES
@article{hansen2001completely,
  title={Completely derandomized self-adaptation in evolution strategies},
  author={Hansen, Nikolaus and Ostermeier, Andreas},
  journal={Evolutionary computation},
  volume={9},
  number={2},
  pages={159--195},
  year={2001},
  publisher={MIT Press}
}

% particle swarm optimization
@incollection{kennedy2010particle,
  title={Particle swarm optimization},
  author={Kennedy, James},
  booktitle={Encyclopedia of Machine Learning},
  pages={760--766},
  year={2010},
  publisher={Springer}
}

% differential evolution
@article{storn1997differential,
  title={Differential evolution--a simple and efficient heuristic for global optimization over continuous spaces},
  author={Storn, Rainer and Price, Kenneth},
  journal={Journal of global optimization},
  volume={11},
  number={4},
  pages={341--359},
  year={1997},
  publisher={Springer}
}

% csa
@article{xavier2010coupled,
  title={Coupled simulated annealing},
  author={Xavier-de-Souza, Samuel and Suykens, Johan AK and Vandewalle, Joos and Boll{\'e}, D{\'e}sir{\'e}},
  journal={Systems, Man, and Cybernetics, Part B: Cybernetics, IEEE Transactions on},
  volume={40},
  number={2},
  pages={320--335},
  year={2010},
  publisher={IEEE}
}

%%%%%%%%%%%%%%%%%%%%%%%%%%%%%%%%%
%            OTHER
%%%%%%%%%%%%%%%%%%%%%%%%%%%%%%%%%

@article{fortin2012deap,
  title={{DEAP}: Evolutionary algorithms made easy},
  author={Fortin, F{\'e}lix-Antoine and Rainville, De and Gardner, Marc-Andr{\'e} Gardner and Parizeau, Marc and Gagn{\'e}, Christian and others},
  journal={Journal of Machine Learning Research},
  volume={13},
  number={1},
  pages={2171--2175},
  year={2012},
  publisher={JMLR.org}
}


@article{wolpert1997no,
  title={No free lunch theorems for optimization},
  author={Wolpert, David H and Macready, William G},
  journal={Evolutionary Computation, IEEE Transactions on},
  volume={1},
  number={1},
  pages={67--82},
  year={1997},
  publisher={IEEE}
}

@article{claesen2014robust,
  title={A Robust Ensemble Approach to Learn From Positive and Unlabeled Data Using SVM Base Models},
  author={Claesen, Marc and De Smet, Frank and Suykens, Johan AK and De Moor, Bart},
  journal={arXiv preprint arXiv:1402.3144},
  year={2014}
}

@book{world1996guidelines,
  title={Guidelines for ATC classification and DDD assignment},
  author={{WHO Collaborating Centre for Drug Statistics Methodology}},
  year={2015},
  location={Oslo},
  publisher={World Health Organization}
}



@article{pauker1993deciding,
  title={Deciding about screening},
  author={Pauker, Stephen G},
  journal={Annals of internal medicine},
  volume={118},
  number={11},
  pages={901--902},
  year={1993},
  publisher={Am Coll Physicians}
}

@article{engelgau2000screening,
  title={Screening for type 2 diabetes.},
  author={Engelgau, Michael M and Narayan, KM and Herman, William H},
  journal={Diabetes Care},
  volume={23},
  number={10},
  pages={1563--1580},
  year={2000},
  publisher={Am Diabetes Assoc}
}

@article{harris1998prevalence,
  title={Prevalence of diabetes, impaired fasting glucose, and impaired glucose tolerance in {US} adults: the {Third National Health and Nutrition Examination Survey}, 1988--1994},
  author={Harris, Maureen I and Flegal, Katherine M and Cowie, Catherine C and Eberhardt, Mark S and Goldstein, David E and Little, Randie R and Wiedmeyer, Hsiao-Mei and Byrd-Holt, Danita D},
  journal={Diabetes Care},
  volume={21},
  number={4},
  pages={518--524},
  year={1998},
  publisher={Am Diabetes Assoc}
}

@article{king1998global,
  title={Global burden of diabetes, 1995--2025: prevalence, numerical estimates, and projections},
  author={King, Hilary and Aubert, Ronald E and Herman, William H},
  journal={Diabetes Care},
  volume={21},
  number={9},
  pages={1414--1431},
  year={1998},
  publisher={Am Diabetes Assoc}
}

@article{harris1993undiagnosed,
  title={Undiagnosed {NIDDM}: clinical and public health issues},
  author={Harris, Maureen I},
  journal={Diabetes Care},
  volume={16},
  number={4},
  pages={642--652},
  year={1993},
  publisher={Am Diabetes Assoc}
}

@article{rubin1994health,
  title={Health care expenditures for people with diabetes mellitus, 1992.},
  author={Rubin, Robert J and Altman, William M and Mendelson, Daniel N},
  journal={The Journal of Clinical Endocrinology \& Metabolism},
  volume={78},
  number={4},
  pages={809A--809F},
  year={1994}
}

@article{harris1987prevalence,
  title={Prevalence of diabetes and impaired glucose tolerance and plasma glucose levels in {US} population aged 20--74 yr},
  author={Harris, Maureen I and Hadden, Wilbur C and Knowler, William C and Bennett, Peter H},
  journal={Diabetes},
  volume={36},
  number={4},
  pages={523--534},
  year={1987},
  publisher={Am Diabetes Assoc}
}

@article{wareham2001should,
  title={Should we screen for type 2 diabetes? Evaluation against National Screening Committee criteria},
  author={Wareham, Nicholas J and Griffin, Simon J},
  journal={BMJ: British Medical Journal},
  volume={322},
  number={7292},
  pages={986},
  year={2001},
  publisher={BMJ Group}
}

@article{world1994prevention,
  title={Prevention of diabetes mellitus: report of a {WHO} study group [meeting held in Geneva from 16 to 20 November 1992]},
  author={{World Health Organization} and others},
  number={WHO technical report number 844},
  year={1994},
  publisher={Geneva: World Health Organization}
}

@article{alberti1998report,
  title={Report of the expert committee on the diagnosis and classification of diabetes mellitus},
  author={Alberti, KGMM and Davidson, Mayer B and DeFronzo, Ralph A and Drash, Allan and Genuth, Saul and Harris, Maureen I and Kahn, Richard and Keen, Harry and Knowler, William C and Lebovitz, Harold and others},
  journal={Diabetes Care},
  volume={21},
  pages={S5},
  year={1998},
  publisher={Am Diabetes Assoc}
}


@article{harris1998risk,
  title={Is the risk of diabetic retinopathy greater in non-Hispanic blacks and Mexican Americans than in non-Hispanic whites with type 2 diabetes?: A {US} population study},
  author={Harris, Maureen I and Klein, Ronald and Cowie, Catherine C and Rowland, Michael and Byrd-Holt, Danita D},
  journal={Diabetes Care},
  volume={21},
  number={8},
  pages={1230--1235},
  year={1998},
  publisher={Am Diabetes Assoc}
}

@article{rajala1998prevalence,
  title={Prevalence of retinopathy in people with diabetes, impaired glucose tolerance, and normal glucose tolerance},
  author={Rajala, Ulla and Laakso, Mauri and Qiao, Qing and Kein{\"a}nen-Kiukaanniemi, Sirkka},
  journal={Diabetes Care},
  volume={21},
  number={10},
  pages={1664--1669},
  year={1998},
  publisher={Am Diabetes Assoc}
}


@article{kohner1998united,
  title={{United Kingdom Prospective Diabetes Study}, 30: diabetic retinopathy at diagnosis of non--insulin-dependent diabetes mellitus and associated risk factors},
  author={Kohner, Eva M and Aldington, Stephen J and Stratton, Irene M and Manley, Susan E and Holman, Rury R and Matthews, David R and Turner, Robert C},
  journal={Archives of Ophthalmology},
  volume={116},
  number={3},
  pages={297--303},
  year={1998},
  publisher={American Medical Association}
}

@article{harris1992onset,
  title={Onset of {NIDDM} occurs at least 4--7 yr before clinical diagnosis},
  author={Harris, Maureen I and Klein, Ronald and Welborn, Tim A and Knuiman, Matthew W},
  journal={Diabetes Care},
  volume={15},
  number={7},
  pages={815--819},
  year={1992},
  publisher={Am Diabetes Assoc}
}

@article{ballard1988epidemiology,
  title={Epidemiology of persistent proteinuria in type {II} diabetes mellitus: population-based study in {Rochester}, {Minnesota}},
  author={Ballard, David J and Humphrey, Linda L and Melton, L Joseph and Frohnert, Peter P and Chu, Chu-Pin and O'Fallon, W Michael and Palumbo, Pasquale J},
  journal={Diabetes},
  volume={37},
  number={4},
  pages={405--412},
  year={1988},
  publisher={Am Diabetes Assoc}
}

@article{schwarz2009finnish,
  title={The {Finnish Diabetes Risk Score} is associated with insulin resistance and progression towards type 2 diabetes},
  author={Schwarz, Peter EH and Li, Jiang and Reimann, Manja and Schutte, Alta E and Bergmann, Antje and Hanefeld, Markolf and Bornstein, Stefan R and Schulze, Jan and Tuomilehto, Jaakko and Lindstrom, Jaana},
  journal={The Journal of Clinical Endocrinology \& Metabolism},
  volume={94},
  number={3},
  pages={920--926},
  year={2009},
  publisher={Endocrine Society}
}

@article{charlone2004danish,
  title={A {Danish} diabetes risk score for targeted screening},
  author={Charlone, G and Torsten, L and Bendix, C and others},
  journal={Diabetes Care},
  volume={27},
  pages={727--733},
  year={2004}
}

@article{lindstrom2003diabetes,
  title={The Diabetes Risk Score A practical tool to predict type 2 diabetes risk},
  author={Lindstr{\"o}m, Jaana and Tuomilehto, Jaakko},
  journal={Diabetes Care},
  volume={26},
  number={3},
  pages={725--731},
  year={2003},
  publisher={Am Diabetes Assoc}
}

@article{stern2002identification,
  title={Identification of persons at high risk for type 2 diabetes mellitus: do we need the oral glucose tolerance test?},
  author={Stern, Michael P and Williams, Ken and Haffner, Steven M},
  journal={Annals of Internal Medicine},
  volume={136},
  number={8},
  pages={575--581},
  year={2002},
  publisher={Am Coll Physicians}
}

@article{baan1999performance,
  title={Performance of a predictive model to identify undiagnosed diabetes in a health care setting.},
  author={Baan, Caroline A and Ruige, Johannes B and Stolk, Ronald P and Witteman, JC and Dekker, Jacqueline M and Heine, Robert J and Feskens, EJ},
  journal={Diabetes Care},
  volume={22},
  number={2},
  pages={213--219},
  year={1999},
  publisher={Am Diabetes Assoc}
}

@article{mcneely2003comparison,
  title={Comparison of a clinical model, the oral glucose tolerance test, and fasting glucose for prediction of type 2 diabetes risk in {Japanese} {Americans}},
  author={McNeely, Marguerite J and Boyko, Edward J and Leonetti, Donna L and Kahn, Steven E and Fujimoto, Wilfred Y},
  journal={Diabetes Care},
  volume={26},
  number={3},
  pages={758--763},
  year={2003},
  publisher={Am Diabetes Assoc}
}

@article{glumer2004danish,
  title={A {Danish} Diabetes Risk Score for Targeted Screening -- The {Inter99} study},
  author={Gl{\"u}mer, Charlotte and Carstensen, Bendix and Sandb{\ae}k, Annelli and Lauritzen, Torsten and J{\o}rgensen, Torben and Borch-Johnsen, Knut},
  journal={Diabetes Care},
  volume={27},
  number={3},
  pages={727--733},
  year={2004},
  publisher={Am Diabetes Assoc}
}



@article{spijkerman2004performance,
  title={The Performance of a Risk Score as a Screening Test for Undiagnosed Hyperglycemia in Ethnic Minority Groups Data from the 1999 Health Survey for {England}},
  author={Spijkerman, Annemieke MW and Yuyun, Matthew F and Griffin, Simon J and Dekker, Jacqueline M and Nijpels, Giel and Wareham, Nicholas J},
  journal={Diabetes Care},
  volume={27},
  number={1},
  pages={116--122},
  year={2004},
  publisher={Am Diabetes Assoc}
}

@article{stern2004does,
  title={Does the metabolic syndrome improve identification of individuals at risk of type 2 diabetes and/or cardiovascular disease?},
  author={Stern, Michael P and Williams, Ken and Gonz{\'a}lez-Villalpando, Clicerio and Hunt, Kelly J and Haffner, Steven M},
  journal={Diabetes Care},
  volume={27},
  number={11},
  pages={2676--2681},
  year={2004},
  publisher={Am Diabetes Assoc}
}

@article{schulze2007accurate,
  title={An accurate risk score based on anthropometric, dietary, and lifestyle factors to predict the development of type 2 diabetes},
  author={Schulze, Matthias B and Hoffmann, Kurt and Boeing, Heiner and Linseisen, Jakob and Rohrmann, Sabine and M{\"o}hlig, Matthias and Pfeiffer, Andreas FH and Spranger, Joachim and Thamer, Claus and H{\"a}ring, Hans-Ulrich and others},
  journal={Diabetes Care},
  volume={30},
  number={3},
  pages={510--515},
  year={2007},
  publisher={Am Diabetes Assoc}
}

@article{heikes2008diabetes,
  title={Diabetes Risk Calculator A simple tool for detecting undiagnosed diabetes and pre-diabetes},
  author={Heikes, Kenneth E and Eddy, David M and Arondekar, Bhakti and Schlessinger, Leonard},
  journal={Diabetes Care},
  volume={31},
  number={5},
  pages={1040--1045},
  year={2008},
  publisher={Am Diabetes Assoc}
}

@article{hu2002elevated,
  title={Elevated risk of cardiovascular disease prior to clinical diagnosis of type 2 diabetes},
  author={Hu, Frank B and Stampfer, Meir J and Haffner, Steven M and Solomon, Caren G and Willett, Walter C and Manson, JoAnn E},
  journal={Diabetes Care},
  volume={25},
  number={7},
  pages={1129--1134},
  year={2002},
  publisher={Am Diabetes Assoc}
}

@article{Fawcett:2006:IRA:1159473.1159475,
 author = {Fawcett, Tom},
 title = {An Introduction to {ROC} Analysis},
 journal = {Pattern Recognition Letters},
 issue_date = {June 2006},
 volume = {27},
 number = {8},
 month = jun,
 year = {2006},
 issn = {0167-8655},
 pages = {861--874},
 numpages = {14},
 url = {http://dx.doi.org/10.1016/j.patrec.2005.10.010},
 doi = {10.1016/j.patrec.2005.10.010},
 acmid = {1159475},
 publisher = {Elsevier Science Inc.},
 address = {New York, NY, USA},
 keywords = {Classifier evaluation, Evaluation metrics, ROC analysis},
} 


@Misc{scipy,
  author =    {Eric Jones and Travis Oliphant and Pearu Peterson and others},
  title =     {{SciPy}: Open source scientific tools for {Python}},
  year =      {2001},
  url = "http://www.scipy.org/",
  note = {[Online; accessed 2015-04-16]}
}

@article{van2011numpy,
  title={The {NumPy} array: a structure for efficient numerical computation},
  author={Van Der Walt, Stefan and Colbert, S Chris and Varoquaux, Gael},
  journal={Computing in Science \& Engineering},
  volume={13},
  number={2},
  pages={22--30},
  year={2011},
  publisher={AIP Publishing}
}

@article{world2012international,
  title={International classification of diseases {(ICD)}},
  author={{World Health Organization} and others},
  year={2012}
}

@inproceedings{Elkan:2008:LCO:1401890.1401920,
 author = {Elkan, Charles and Noto, Keith},
 title = {Learning classifiers from only positive and unlabeled data},
 booktitle = {Proceedings of the 14th ACM SIGKDD international conference on Knowledge discovery and data mining},
 series = {KDD '08},
 year = {2008},
 location = {Las Vegas, Nevada, USA},
 pages = {213--220},
 numpages = {8},
 publisher = {ACM},
 address = {New York, NY, USA},
 keywords = {bioinformatics, supervised learning, text mining, unlabeled examples},
} 

@article{Yu:2005:SCM:1108759.1108762,
 author = {Yu, Hwanjo},
 title = {Single-Class Classification with Mapping Convergence},
 journal = {Machine Learning},
 issue_date = {November  2005},
 volume = {61},
 number = {1-3},
 month = nov,
 year = {2005},
 issn = {0885-6125},
 pages = {49--69},
 numpages = {21},
 publisher = {Kluwer Academic Publishers},
 address = {Hingham, MA, USA},
 keywords = {Single-Class Classification, Support Vector Machines},
} 


@inproceedings{liu02partially,
  added-at = {2007-04-28T16:01:00.000+0200},
  address = {San Francisco, CA, USA},
  author = {Liu, Bing and Lee, Wee Sun and Yu, Philip S. and Li, Xiaoli},
  biburl = {http://www.bibsonomy.org/bibtex/295d61b0cd9915c3d3089d4e3d24fbeb0/kzhou},
  booktitle = {ICML '02: Proceedings of the Nineteenth International Conference on Machine Learning},
  interhash = {20a629aaa3c7b8c49f7c2835c9fe8cb2},
  intrahash = {95d61b0cd9915c3d3089d4e3d24fbeb0},
  isbn = {1-55860-873-7},
  keywords = {learning partially supervised},
  pages = {387--394},
  publisher = {Morgan Kaufmann Publishers Inc.},
  timestamp = {2007-04-28T16:01:00.000+0200},
  title = {Partially Supervised Classification of Text Documents},
  year = 2002
}

@article{daemen2009kernel,
  title={A kernel-based integration of genome-wide data for clinical decision support},
  author={Daemen, Anneleen and Gevaert, Olivier and Ojeda, Fabian and Debucquoy, Annelies and Suykens, Johan A.K. and Sempoux, Christine and Machiels, Jean-Pascal and Haustermans, Karin and De Moor, Bart},
  journal={Genome Medicine},
  volume={1},
  number={4},
  pages={39},
  year={2009},
  publisher={BioMed Central Ltd}
}

@article{van2008financing,
  title={Financing health care in {Belgium}. The nomenclature: from fee-for-service to budget-financing},
  author={Van den Oever, R and Volckaert, C},
  journal={Acta chirurgica Belgica},
  volume={108},
  number={2},
  pages={157},
  year={2008},
  publisher={AMB ACTA MEDICA BELGICA}
}

@article{griffin2000diabetes,
  title={Diabetes risk score: towards earlier detection of type 2 diabetes in general practice},
  author={Griffin, SJ and Little, PS and Hales, CN and Kinmonth, AL and Wareham, NJ},
  journal={Diabetes/metabolism research and reviews},
  volume={16},
  number={3},
  pages={164--171},
  year={2000},
  publisher={Wiley Online Library}
}

@article{park2002performance,
  title={The performance of a risk score in predicting undiagnosed hyperglycemia},
  author={Park, PJ and Griffin, SJ and Sargeant, L and Wareham, NJ},
  journal={Diabetes Care},
  volume={25},
  number={6},
  pages={984--988},
  year={2002},
  publisher={Am Diabetes Assoc}
}

@article{grundy1999diabetes,
  title={Diabetes and cardiovascular disease a statement for healthcare professionals from the {American} {Heart} {Association}},
  author={Grundy, Scott M and Benjamin, Ivor J and Burke, Gregory L and Chait, Alan and Eckel, Robert H and Howard, Barbara V and Mitch, William and Smith, Sidney C and Sowers, James R},
  journal={Circulation},
  volume={100},
  number={10},
  pages={1134--1146},
  year={1999},
  publisher={Am Heart Assoc}
}

@article{doi:10.1001/jama.1979.03290450033020,
author = {Kannel, WB and McGee, DL},
title = {Diabetes and cardiovascular disease: The {Framingham} study},
journal = {JAMA},
volume = {241},
number = {19},
pages = {2035-2038},
year = {1979},
doi = {10.1001/jama.1979.03290450033020},
eprint = {/data/Journals/JAMA/8890/jama_241_19_020.pdf}
}

@article{diabetes2002reduction,
  title={Reduction in the incidence of type 2 diabetes with lifestyle intervention or metformin},
  author={{Diabetes Prevention Program Research Group} and others},
  journal={The New England journal of medicine},
  volume={346},
  number={6},
  pages={393},
  year={2002},
  publisher={NIH Public Access}
}

@article{harris2000early,
  title={Early detection of undiagnosed diabetes mellitus: a {US} perspective},
  author={Harris, Maureen I and Eastman, Richard C},
  journal={Diabetes/metabolism research and reviews},
  volume={16},
  number={4},
  pages={230--236},
  year={2000},
  publisher={Wiley Online Library}
}

@article{pan1997effects,
  title={Effects of diet and exercise in preventing {NIDDM} in people with impaired glucose tolerance: the {Da Qing IGT} and {Diabetes} {Study}},
  author={Pan, Xiao-Ren and Li, Guang-wei and Hu, Ying-Hua and Wang, Ji-Xing and Yang, Wen-Ying and An, Zuo-Xin and Hu, Ze-Xi and Xiao, Jina-Zhong and Cao, Hui-Bi and Liu, Ping-An and others},
  journal={Diabetes Care},
  volume={20},
  number={4},
  pages={537--544},
  year={1997},
  publisher={Am Diabetes Assoc}
}

@article{tuomilehto2001prevention,
  title={Prevention of type 2 diabetes mellitus by changes in lifestyle among subjects with impaired glucose tolerance},
  author={Tuomilehto, Jaakko and Lindstr{\"o}m, Jaana and Eriksson, Johan G and Valle, Timo T and H{\"a}m{\"a}l{\"a}inen, Helena and Ilanne-Parikka, Pirjo and Kein{\"a}nen-Kiukaanniemi, Sirkka and Laakso, Mauri and Louheranta, Anne and Rastas, Merja and others},
  journal={New England Journal of Medicine},
  volume={344},
  number={18},
  pages={1343--1350},
  year={2001},
  publisher={Mass Medical Soc}
}

@article{seltzer1989drug,
  title={Drug-induced hypoglycemia. A review of 1418 cases.},
  author={Seltzer, Holbrooke S},
  journal={Endocrinology and metabolism clinics of North America},
  volume={18},
  number={1},
  pages={163--183},
  year={1989}
}

@article{zammitt2005hypoglycemia,
  title={Hypoglycemia in Type 2 Diabetes Pathophysiology, frequency, and effects of different treatment modalities},
  author={Zammitt, Nicola N and Frier, Brian M},
  journal={Diabetes Care},
  volume={28},
  number={12},
  pages={2948--2961},
  year={2005},
  publisher={Am Diabetes Assoc}
}

@article{mokdad2003prevalence,
  title={Prevalence of obesity, diabetes, and obesity-related health risk factors, 2001},
  author={Mokdad, Ali H and Ford, Earl S and Bowman, Barbara A and Dietz, William H and Vinicor, Frank and Bales, Virginia S and Marks, James S},
  journal={JAMA},
  volume={289},
  number={1},
  pages={76--79},
  year={2003},
  publisher={American Medical Association}
}


@article{van2006intensive,
  title={Intensive insulin therapy in the medical {ICU}},
  author={Van den Berghe, Greet and Wilmer, Alexander and Hermans, Greet and Meersseman, Wouter and Wouters, Pieter J and Milants, Ilse and Van Wijngaerden, Eric and Bobbaers, Herman and Bouillon, Roger},
  journal={New England Journal of Medicine},
  volume={354},
  number={5},
  pages={449},
  year={2006},
  publisher={MEDICAL PUBLISHING GROUP-MASS MEDIC SOCIETY}
}

@article{van2001intensive,
  title={Intensive insulin therapy in critically ill patients},
  author={Van den Berghe, Greet and Wouters, Pieter and Weekers, Frank and Verwaest, Charles and Bruyninckx, Frans and Schetz, Miet and Vlasselaers, Dirk and Ferdinande, Patrick and Lauwers, Peter and Bouillon, Roger},
  journal={New England journal of medicine},
  volume={345},
  number={19},
  pages={1359--1367},
  year={2001},
  publisher={Mass Medical Soc}
}

@article{schwarz2007development,
  title={Development of a diabetes prevention management program for clinical practice},
  author={Schwarz, Peter EH and Schwarz, Jaqueline and Schuppenies, Andrea and Bornstein, Stefan R and Schulze, Jan},
  journal={Public health reports},
  volume={122},
  number={2},
  pages={258},
  year={2007},
  publisher={Association of Schools of Public Health}
}

@article{saaristo2007national,
  title={National type 2 diabetes prevention programme in {Finland}: {FIN-D2D}},
  author={Saaristo, Timo and Peltonen, Markku and Kein{\"a}nen-Kiukaanniemi, Sirkka and Vanhala, Mauno and Saltevo, Juha and Niskanen, Leo and Oksa, Heikki and Korpi-Hy{\"o}v{\"a}lti, Eeva and Tuomilehto, Jaakko and FIN-D2D Study Group and others},
  journal={International journal of circumpolar health},
  volume={66},
  number={2},
  year={2007}
}

@article{zimmet2001global,
  title={Global and societal implications of the diabetes epidemic},
  author={Zimmet, Paul and Alberti, KGMM and Shaw, Jonathan},
  journal={Nature},
  volume={414},
  number={6865},
  pages={782--787},
  year={2001},
  publisher={Nature Publishing Group}
}

@article{uk1998tight,
  title={Tight blood pressure control and risk of macrovascular and microvascular complications in type 2 diabetes: {UKPDS} 38},
  author={{UKPDS Group} and others},
  journal={BMJ: British Medical Journal},
  volume={317},
  number={7160},
  pages={703},
  year={1998},
  publisher={BMJ Group}
}


@article{turner1999glycemic,
  title={Glycemic control with diet, sulfonylurea, metformin, or insulin in patients with type 2 diabetes mellitus: progressive requirement for multiple therapies ({UKPDS} 49)},
  author={Turner, Robert C and Cull, Carole A and Frighi, Valeria and Holman, Rury R and UK Prospective Diabetes Study (UKPDS) Group and others},
  journal={JAMA},
  volume={281},
  number={21},
  pages={2005--2012},
  year={1999},
  publisher={American Medical Association}
}

@article{american2014standards,
  title={Standards of medical care in diabetes--2014},
  author={{American Diabetes Association} and others},
  journal={Diabetes care},
  volume={37},
  number={Supplement 1},
  pages={S14--S80},
  year={2014},
  publisher={Am Diabetes Assoc}
}

@article{interact2013link,
  title={The link between family history and risk of type 2 diabetes is not explained by anthropometric, lifestyle or genetic risk factors: the {EPIC-InterAct} study},
  author={{InterAct Consortium} and others},
  journal={Diabetologia},
  volume={56},
  number={1},
  pages={60--69},
  year={2013},
  publisher={Springer}
}

@article{shai2006ethnicity,
  title={Ethnicity, Obesity, and Risk of Type 2 Diabetes in Women A 20-year follow-up study},
  author={Shai, Iris and Jiang, Rui and Manson, JoAnn E and Stampfer, Meir J and Willett, Walter C and Colditz, Graham A and Hu, Frank B},
  journal={Diabetes care},
  volume={29},
  number={7},
  pages={1585--1590},
  year={2006},
  publisher={Am Diabetes Assoc}
}

@article{reis2011lifestyle,
  title={Lifestyle factors and risk for new-onset diabetes: a population-based cohort study},
  author={Reis, Jared P and Loria, Catherine M and Sorlie, Paul D and Park, Yikyung and Hollenbeck, Albert and Schatzkin, Arthur},
  journal={Annals of internal medicine},
  volume={155},
  number={5},
  pages={292--299},
  year={2011},
  publisher={Am Coll Physicians}
}

@article{tenenbaum2003functional,
  title={Functional class in patients with heart failure is associated with the development of diabetes},
  author={Tenenbaum, Alexander and Motro, Michael and Fisman, Enrique Z and Leor, Jonathan and Freimark, Dov and Boyko, Valentina and Mandelzweig, Lori and Adler, Yehuda and Sherer, Yaniv and Behar, Solomon},
  journal={The American journal of medicine},
  volume={114},
  number={4},
  pages={271--275},
  year={2003},
  publisher={Elsevier}
}
