@article{rao1997out,
  title={The out-of-bootstrap method for model averaging and selection},
  author={Rao, J Sunil and Tibshirani, Robert},
  journal={University of Toronto},
  year={1997},
  publisher={Citeseer}
}

@article{daemen2009kernel,
  title={A kernel-based integration of genome-wide data for clinical decision support},
  author={Daemen, Anneleen and Gevaert, Olivier and Ojeda, Fabian and Debucquoy, Annelies and Suykens, Johan A.K. and Sempoux, Christine and Machiels, Jean-Pascal and Haustermans, Karin and De Moor, Bart},
  journal={Genome Medicine},
  volume={1},
  number={4},
  pages={39},
  year={2009},
  publisher={BioMed Central Ltd}
}

@inproceedings{cawley2006leave,
  title={Leave-one-out cross-validation based model selection criteria for weighted {LS-SVMs}},
  author={Cawley, Gavin C},
  booktitle={Neural Networks, 2006. IJCNN'06. International Joint Conference on},
  pages={1661--1668},
  year={2006},
  organization={IEEE}
}

@article{grandvalet2004bagging,
  title={Bagging equalizes influence},
  author={Grandvalet, Yves},
  journal={Machine Learning},
  volume={55},
  number={3},
  pages={251--270},
  year={2004},
  publisher={Springer}
}

@article{breiman2000randomizing,
  title={Randomizing outputs to increase prediction accuracy},
  author={Breiman, Leo},
  journal={Machine Learning},
  volume={40},
  number={3},
  pages={229--242},
  year={2000},
  publisher={Springer}
}

@inproceedings{pechenizkiy2006class,
  title={Class noise and supervised learning in medical domains: The effect of feature extraction},
  author={Pechenizkiy, Mykola and Tsymbal, Alexey and Puuronen, Seppo and Pechenizkiy, Oleksandr},
  booktitle={Computer-Based Medical Systems, 2006. CBMS 2006. 19th IEEE International Symposium on},
  pages={708--713},
  year={2006},
  organization={IEEE}
}

@article{zhu2004class,
  title={Class noise vs. attribute noise: A quantitative study},
  author={Zhu, Xingquan and Wu, Xindong},
  journal={Artificial Intelligence Review},
  volume={22},
  number={3},
  pages={177--210},
  year={2004},
  publisher={Springer}
}

@inproceedings{hoi2004biased,
  title={Biased support vector machine for relevance feedback in image retrieval},
  author={Hoi, Chu-Hong and Chan, Chi-Hang and Huang, Kaizhu and Lyu, Michael R and King, Irwin},
  booktitle={Neural Networks, 2004. Proceedings. 2004 IEEE International Joint Conference on},
  volume={4},
  pages={3189--3194},
  year={2004},
  organization={IEEE}
}

@article{bauer1999empirical,
  title={An empirical comparison of voting classification algorithms: Bagging, boosting, and variants},
  author={Bauer, Eric and Kohavi, Ron},
  journal={Machine learning},
  volume={36},
  number={1-2},
  pages={105--139},
  year={1999},
  publisher={Springer}
}

@incollection{biasvariance,
year={2000},
isbn={978-3-540-67339-2},
booktitle={Genetic Programming},
volume={1802},
series={Lecture Notes in Computer Science},
editor={Poli, Riccardo and Banzhaf, Wolfgang and Langdon, William B. and Miller, Julian and Nordin, Peter and Fogarty, Terence C.},
doi={10.1007/978-3-540-46239-2_6},
title={Genetic Programming, Ensemble Methods and the Bias/Variance Tradeoff â€“ Introductory Investigations},
url={http://dx.doi.org/10.1007/978-3-540-46239-2_6},
publisher={Springer Berlin Heidelberg},
author={Keijzer, Maarten and Babovic, Vladan},
pages={76-90}
}

@INPROCEEDINGS{Lecun98gradient-basedlearning,
    author = {Yann {LeCun} and L\'eon Bottou and Yoshua Bengio and Patrick Haffner},
    title = {Gradient-based learning applied to document recognition},
    booktitle = {Proceedings of the IEEE},
    year = {1998},
    pages = {2278--2324}
}

@article{fan2008liblinear,
  title={{LIBLINEAR}: A library for large linear classification},
  author={Fan, Rong-En and Chang, Kai-Wei and Hsieh, Cho-Jui and Wang, Xiang-Rui and Lin, Chih-Jen},
  journal={Journal of Machine Learning Research},
  volume={9},
  pages={1871--1874},
  year={2008},
  publisher={JMLR. org}
}

@article{claesen14,
  author  = {Marc Claesen and Frank De Smet and Johan A.K. Suykens and Bart De Moor},
  title   = {{EnsembleSVM}: A Library for Ensemble Learning Using Support Vector Machines},
  journal = {Journal of Machine Learning Research},
  year    = {2014},
  volume  = {15},
  pages   = {141-145},
  url     = {http://jmlr.org/papers/v15/claesen14a.html}
}

@article{sifrim2013extasy,
  title={{eXtasy}: Variant Prioritization by Genomic Data Fusion},
  author={Sifrim, Alejandro and Popovic, Dusan and Tranchevent, L{\'e}on-Charles and Arderschirdavani, Amin and Sakai, Ryo and Konings, Peter and Vermeesch, Joris and Aerts, Jan and De Moor, Bart and Moreau, Yves},
  journal={Nature Methods},
  pages={1083--1084},
  volume={10},
  year={2013},
  doi={http://dx.doi.org/10.1038/nmeth.2656},
  publisher={Nature Publishing Group}
}

@INPROCEEDINGS{Tax99datadomain,
    author = {David M. J. Tax and Robert P. W. Duin},
    title = {Data domain description using support vectors},
    booktitle = {Proceedings of the European Symposium on Artificial Neural Networks},
    year = {1999},
    pages = {251--256}
}

@ARTICLE{Tax99supportvector,
    author = {David M. J. Tax and Robert P. W. Duin},
    title = {Support vector domain description},
    journal = {Pattern Recognition Letters},
    year = {1999},
    volume = {20},
    pages = {1191--1199}
}

@article{Yu:2005:SCM:1108759.1108762,
 author = {Yu, Hwanjo},
 title = {Single-Class Classification with Mapping Convergence},
 journal = {Machine Learning},
 issue_date = {November  2005},
 volume = {61},
 number = {1-3},
 month = nov,
 year = {2005},
 issn = {0885-6125},
 pages = {49--69},
 numpages = {21},
 publisher = {Kluwer Academic Publishers},
 address = {Hingham, MA, USA},
 keywords = {Single-Class Classification, Support Vector Machines},
} 

@inproceedings{Elkan:2008:LCO:1401890.1401920,
 author = {Elkan, Charles and Noto, Keith},
 title = {Learning classifiers from only positive and unlabeled data},
 booktitle = {Proceedings of the 14th ACM SIGKDD international conference on Knowledge discovery and data mining},
 series = {KDD '08},
 year = {2008},
 location = {Las Vegas, Nevada, USA},
 pages = {213--220},
 numpages = {8},
 publisher = {ACM},
 address = {New York, NY, USA},
 keywords = {bioinformatics, supervised learning, text mining, unlabeled examples},
} 

@article{Scholkopf:2001:ESH:1119748.1119749,
 author = {Sch\"{o}lkopf, Bernhard and Platt, John C. and Shawe-Taylor, John C. and Smola, Alex J. and Williamson, Robert C.},
 title = {Estimating the Support of a High-Dimensional Distribution},
 journal = {Neural Computation},
 issue_date = {July 2001},
 volume = {13},
 number = {7},
 month = jul,
 year = {2001},
 issn = {0899-7667},
 pages = {1443--1471},
 numpages = {29},
 publisher = {MIT Press},
 address = {Cambridge, MA, USA},
} 

@article{Fisher36,
    author = {Fisher, Ronald A.},
    citeulike-article-id = {764226},
    journal = {Annals Eugen.},
    keywords = {classification},
    pages = {179--188},
    posted-at = {2006-09-18 14:06:16},
    priority = {2},
    title = {{The use of multiple measurements in taxonomic problems}},
    volume = {7},
    year = {1936}
}

@INPROCEEDINGS{Lee03learningwith,
    author = {Wee Sun Lee and Bing Liu},
    title = {Learning with Positive and Unlabeled Examples Using Weighted Logistic Regression},
    booktitle = {Proceedings of the Twentieth International Conference on Machine Learning (ICML)},
    year = {2003},
    pages={448--455}
}

@article{breiman2001random,
  title={Random forests},
  author={Breiman, Leo},
  journal={Machine learning},
  volume={45},
  number={1},
  pages={5--32},
  year={2001},
  publisher={Springer}
}

@ARTICLE{CHH05,
        AUTHOR = {Deng Cai and Xiaofei He and Jiawei Han},
        TITLE = {Document Clustering Using Locality Preserving Indexing},
        JOURNAL = {IEEE Transactions on Knowledge and Data Engineering},
        YEAR = {2005},
        volume = {17},
        number = {12},
        pages = {1624-1637},
        month = {December},
}


@ARTICLE{frenay, 
author={Frenay, B. and Verleysen, M.}, 
journal={Neural Networks and Learning Systems, IEEE Transactions on}, 
title={Classification in the Presence of Label Noise: A Survey}, 
year={2014}, 
month={May}, 
volume={25}, 
number={5}, 
pages={845-869}, 
keywords={learning (artificial intelligence);pattern classification;label noise classification;label noise cleansing algorithm;label noise-robust algorithm;label noise-tolerant algorithms;machine learning;potential negative consequences;Context;Labeling;Noise;Noise measurement;Reliability;Taxonomy;Training;Class noise;classification;label noise;mislabeling;robust methods;survey;survey.}, 
doi={10.1109/TNNLS.2013.2292894}, 
ISSN={2162-237X},}

@inproceedings{LEWIS91c 
  ,author = "David D. Lewis" 
  ,title = "Evaluating Text Categorization" 
  ,booktitle = "Proceedings of Speech and Natural Language Workshop" 
  ,year = 1991 
  ,month = feb 
  ,organization = "Defense Advanced Research Projects Agency" 
  ,publisher = "Morgan Kaufmann" 
  ,pages = "312--318" 

}

@MISC{Street93nuclearfeature,
    author = {Nick Street and William H. Wolberg and O. L. Mangasarian},
    title = {Nuclear Feature Extraction For Breast Tumor Diagnosis},
    year = {1993}
}

@MISC{Wolberg_machinelearning,
    author = {William H. Wolberg and W. Nick Street and O. L. Mangasarian},
    title = { MACHINE LEARNING TECHNIQUES TO DIAGNOSE BREAST CANCER FROM IMAGE-PROCESSED NUCLEAR FEATURES OF FINE NEEDLE ASPIRATES},
    year = {1994}
}

@inproceedings{Li03learningto,
    address = {San Francisco, CA, USA},
    author = {Li, Xiaoli and Liu, Bing},
    booktitle = {IJCAI'03: Proceedings of the 18th international joint conference on Artificial intelligence},
    location = {Acapulco, Mexico},
    pages = {587--592},
    posted-at = {2010-06-13 22:32:23},
    priority = {2},
    publisher = {Morgan Kaufmann Publishers Inc.},
    title = {{Learning to classify texts using positive and unlabeled data}},
    year = {2003}
}


@article{mordelet2011prodige,
  title={{ProDiGe}: Prioritization Of Disease Genes with multitask machine learning from positive and unlabeled examples},
  author={Mordelet, Fantine and Vert, Jean-Philippe},
  journal={BMC bioinformatics},
  volume={12},
  number={1},
  pages={389},
  year={2011},
  publisher={BioMed Central Ltd}
}


@misc{Liu03buildingtext,
    author = {Bing Liu and Yang Dai and Xiaoli Li and Wee Sun Lee and Philip S. Yu},
    title = {Building text classifiers using positive and unlabeled examples},
    booktitle = {In: International Conference on Data Mining},
    year = {2003},
    pages = {179--188}
}

@inproceedings{Liu:2005:PSC:2138033.2138052,
 author = {Liu, Zhigang and Shi, Wenzhong and Li, Deren and Qin, Qianqing},
 title = {Partially supervised classification -- based on weighted unlabeled samples support vector machine},
 booktitle = {Proceedings of the First international conference on Advanced Data Mining and Applications},
 series = {ADMA'05},
 year = {2005},
 isbn = {3-540-27894-X, 978-3-540-27894-8},
 location = {Wuhan, China},
 pages = {118--129},
 numpages = {12},
 publisher = {Springer-Verlag},
 address = {Berlin, Heidelberg},
} 

@article{prokhorov2001ijcnn,
  title={{IJCNN} 2001 neural network competition},
  author={Prokhorov, Danil},
  journal={Slide presentation in IJCNN},
  organization = {Ford Research Laboratory},
  year={2001}
}

@article{duarte2004vehicle,
  title={Vehicle classification in distributed sensor networks},
  author={Duarte, Marco F and Hen Hu, Yu},
  journal={Journal of Parallel and Distributed Computing},
  volume={64},
  number={7},
  pages={826--838},
  year={2004},
  publisher={Elsevier}
}

@article{martinez2010out,
  title={Out-of-bag estimation of the optimal sample size in bagging},
  author={Mart{\'\i}nez-Mu{\~n}oz, Gonzalo and Su{\'a}rez, Alberto},
  journal={Pattern Recognition},
  volume={43},
  number={1},
  pages={143--152},
  year={2010},
  publisher={Elsevier}
}

@article{CC01a,
 author = {Chang, Chih-Chung and Lin, Chih-Jen},
 title = {{LIBSVM}: A library for support vector machines},
 journal = {ACM Transactions on Intelligent Systems and Technology},
 volume = {2},
 issue = {3},
 year = {2011},
 pages = {27:1--27:27},
 note =	 {Software available at \url{http://www.csie.ntu.edu.tw/~cjlin/libsvm}}
}

@article{Ratsch:2002:CBA:628330.628816,
 author = {R\"{a}tsch, Gunnar and Mika, Sebastian and Sch\"{o}lkopf, Bernhard and M\"{u}ller, Klaus-Robert},
 title = {Constructing Boosting Algorithms from {SVMs}: An Application to One-Class Classification},
 journal = {IEEE Transactions on Pattern Analysis and Machine Intelligence},
 issue_date = {September 2002},
 volume = {24},
 number = {9},
 month = sep,
 year = {2002},
 issn = {0162-8828},
 pages = {1184--1199},
 numpages = {16},
 publisher = {IEEE Computer Society},
 address = {Washington, DC, USA},
 keywords = {Boosting, SVMs, one-class classification, unsupervised learning, novelty detection.},
} 

@inproceedings{Liu:2003:BTC:951949.952139,
 author = {Liu, Bing and Dai, Yang and Li, Xiaoli and Lee, Wee Sun and Yu, Philip S.},
 title = {Building Text Classifiers Using Positive and Unlabeled Examples},
 booktitle = {Proceedings of the Third IEEE International Conference on Data Mining},
 series = {ICDM '03},
 year = {2003},
 isbn = {0-7695-1978-4},
 pages = {179--186},
 publisher = {IEEE Computer Society},
 address = {Washington, DC, USA},
} 


@book{Vapnik95nature,
  author = {Vladimir N. Vapnik},
  interhash = {98898576dfede7a15fcbf60cad98f9c0},
  intrahash = {b5cfca01ab84434d5116fee42af5f7d8},
  publisher = { Springer-Verlag New York, Inc. },
  title = { The nature of statistical learning theory },
  year = { 1995 },
  keywords = {imported},
  isbn = {0-387-94559-8},
}


@INPROCEEDINGS{Lazarevic03acomparative,
    author = {Ar Lazarevic and Aysel Ozgur and Levent Ertoz and Jaideep Srivastava and Vipin Kumar},
    title = {A comparative study of anomaly detection schemes in network intrusion detection},
    booktitle = {Proceedings of the Third SIAM International Conference on Data Mining},
    year = {2003}
}

@inproceedings{Yu02pebl:positive,
    address = {New York, NY, USA},
    author = {Yu, Hwanjo and Han, Jiawei and Chang, Kevin C.},
    booktitle = {KDD '02: Proceedings of the eighth ACM SIGKDD international conference on Knowledge discovery and data mining},
    isbn = {158113567X},
    keywords = {occ-applications, occ-support-vector, occ-to-supervised},
    pages = {239--248},
    publisher = {ACM Press},
    title = {{PEBL}: positive example based learning for Web page classification using {SVM}},
    year = {2002}
}



@ARTICLE{Manevitz01one-classsvms,
    author = {Larry M. Manevitz and Malik Yousef and Nello Cristianini and John Shawe-taylor and Bob Williamson},
    title = {One-Class {SVMs} for Document Classification},
    journal = {Journal of Machine Learning Research},
    year = {2001},
    volume = {2},
    pages = {139--154}
}

@inproceedings{Blum:1998:CLU:279943.279962,
 author = {Blum, Avrim and Mitchell, Tom},
 title = {Combining labeled and unlabeled data with co-training},
 booktitle = {Proceedings of the eleventh annual conference on Computational learning theory},
 series = {COLT' 98},
 year = {1998},
 isbn = {1-58113-057-0},
 location = {Madison, Wisconsin, United States},
 pages = {92--100},
 numpages = {9},
 publisher = {ACM},
 address = {New York, NY, USA},
} 

@techreport{zhu05survey,
author = "Xiaojin Zhu",
title = "Semi-Supervised Learning Literature Survey",
institution = "Computer Sciences, University of Wisconsin-Madison",
number = "1530",
year = 2005
}

@inproceedings{Joachims99transductiveinference,
    address = {Bled, SL},
    author = {Joachims, Thorsten},
    booktitle = {Proceedings of ICML-99, 16th International Conference on Machine Learning},
    editor = {Bratko, Ivan and Dzeroski, Saso},
    keywords = {semi-supervised, svm, transductive},
    pages = {200--209},
    priority = {2},
    publisher = {Morgan Kaufmann Publishers, San Francisco, US},
    title = {{Transductive Inference for Text Classification using Support Vector Machines}},
    year = {1999}
}

@article{Cortes:1995:SN:218919.218929,
 author = {Cortes, Corinna and Vapnik, Vladimir},
 title = {Support-Vector Networks},
 journal = {Machine Learning},
 issue_date = {Sept. 1995},
 volume = {20},
 number = {3},
 month = sep,
 year = {1995},
 issn = {0885-6125},
 pages = {273--297},
 numpages = {25},
 publisher = {Kluwer Academic Publishers},
 address = {Hingham, MA, USA},
 keywords = {efficient learning algorithms, neural networks, pattern recognition, polynomial classifiers, radial basis function classifiers},
} 



@INPROCEEDINGS{Veropoulos99controllingthe,
    author = {K. Veropoulos and C. Campbell and N. Cristianini},
    title = {Controlling the Sensitivity of Support Vector Machines},
    booktitle = {Proceedings of the International Joint Conference on AI},
    year = {1999},
    pages = {55--60}
}

@inproceedings{DBLP:conf/esann/PelckmansS09,
  author    = {Kristiaan Pelckmans and
               Johan A. K. Suykens},
  title     = {Transductively Learning from Positive Examples Only},
  booktitle = {ESANN},
  year      = {2009},
  ee        = {http://www.dice.ucl.ac.be/Proceedings/esann/esannpdf/es2009-80.pdf},
}
@proceedings{DBLP:conf/esann/2009,
  title     = {ESANN 2009, 17th European Symposium on Artificial Neural
               Networks, Bruges, Belgium, April 22-24, 2009, Proceedings},
  booktitle = {ESANN},
  year      = {2009},
  ee        = {http://www.dice.ucl.ac.be/esann/proceedings/papers.php?ann=2009},
}

@article{MORDELET-2010-523336,
  title={A bagging {SVM} to learn from positive and unlabeled examples},
  author={Mordelet, Fantine and Vert, Jean-Philippe},
  journal={arXiv preprint arXiv:1010.0772},
  year={2010}
}


@techreport{osuna1997,
    author = {Osuna, Edgar and Freund, Robert and Girosi, Federico},
    number = {AIM-1602},
    posted-at = {2005-12-09 13:43:28},
    priority = {2},
    title = {{Support Vector Machines: Training and Applications}},
    year = {1997}
}

@article{Breiman:1996:BP:231986.231989,
 author = {Breiman, Leo},
 title = {Bagging predictors},
 journal = {Machine Learning},
 issue_date = {Aug. 1996},
 volume = {24},
 number = {2},
 month = aug,
 year = {1996},
 issn = {0885-6125},
 pages = {123--140},
 numpages = {18},
 publisher = {Kluwer Academic Publishers},
 address = {Hingham, MA, USA},
 keywords = {aggregation, averaging, bootstrap, combining},
}

@ARTICLE{Bousquet02stabilityand,
    author = {Olivier Bousquet and Andre Elisseeff},
    title = {Stability and Generalization},
    journal = {Journal of Machine Learning Research},
    year = {2002},
    volume = {2},
    pages = {499--526}
}


@inproceedings{DBLP:conf/cikm/CaiMHZ08,
  author    = {Deng Cai and
               Qiaozhu Mei and
               Jiawei Han and
               Chengxiang Zhai},
  title     = {Modeling hidden topics on document manifold},
  booktitle = {CIKM},
  year      = {2008},
  pages     = {911-920},
}
@proceedings{DBLP:conf/cikm/2008,
  editor    = {James G. Shanahan and
               Sihem Amer-Yahia and
               Ioana Manolescu and
               Yi Zhang and
               David A. Evans and
               Aleksander Kolcz and
               Key-Sun Choi and
               Abdur Chowdhury},
  title     = {Proceedings of the 17th ACM Conference on Information and
               Knowledge Management, CIKM 2008, Napa Valley, California,
               USA, October 26-30, 2008},
  booktitle = {CIKM},
  publisher = {ACM},
  year      = {2008},
  isbn      = {978-1-59593-991-3},
}

@article{Apte94automatedlearning,
    author = {Apte, C. and Damerau, F. and Weiss, S. M. and Apte, Chidanand and Damerau, Fred and Weiss, Sholom M.},
    journal = {ACM Transactions on Information Systems},
    keywords = {file-import-09-06-20},
    pages = {233--251},
    title = {{Automated Learning of Decision Rules for Text Categorization}},
    volume = {12},
    year = {1994}
}

@TechReport{Hamers03coupledtransductive,
  author = 	 {Bart Hamers and Johan A. K. Suykens and Bart De Moor},
  title = 	 {Coupled Transductive Ensemble Learning of Kernel Models},
  institution =  {ESAT-SISTA, K.U. Leuven},
  year = 	 {2003},
  type = 	 {Internal Report},
  number = 	 {03-172},
  address = 	 {Leuven, Belgium},
 }

@article{citeulike:3443692,
    author = {Wu, Ting-Fan and Lin, Chih-Jen and Weng, Ruby C.},
    journal = {Journal of Machine Learning Research},
    keywords = {machine\_learning, milk, svm},
    pages = {975--1005},
    priority = {2},
    title = {{Probability estimates for multi-class classification by pairwise coupling}},
    volume = {5},
    year = {2004}
}

@ARTICLE{Tibshirani94regressionshrinkage,
    author = {Robert Tibshirani},
    title = {Regression Shrinkage and Selection Via the Lasso},
    journal = {Journal of the Royal Statistical Society, Series B},
    year = {1994},
    volume = {58},
    pages = {267--288}
}

@misc{citeulike:2049181,
    author = {Platt, J.},
    keywords = {svm, text-categorization},
    priority = {3},
    title = {{Sequential minimal optimization: A fast algorithm for training support vector machines}},
    year = {1998}
}

@article{citeulike:530839,
    address = {Cambridge, MA, USA},
    author = {Joachims, Thorsten},
    isbn = {0-262-19416-3},
    keywords = {machines, support, svm, vector},
    pages = {169--184},
    priority = {2},
    publisher = {MIT Press},
    title = {{Making large-scale support vector machine learning practical}},
    year = {1999}
}


@article{Cai:2011:LCC:1978259.1978527,
 author = {Cai, Deng and He, Xiaofei and Han, Jiawei},
 title = {Locally Consistent Concept Factorization for Document Clustering},
 journal = {IEEE Trans. on Knowl. and Data Eng.},
 issue_date = {June 2011},
 volume = {23},
 number = {6},
 month = jun,
 year = {2011},
 issn = {1041-4347},
 pages = {902--913},
 numpages = {12},
 publisher = {IEEE Educational Activities Department},
 address = {Piscataway, NJ, USA},
 keywords = {Nonnegative matrix factorization, concept factorization, graph Laplacian, manifold regularization, clustering.},
} 

@article{citeulike:9860864,
    author = {Mordelet, Fantine and Vert, Jean-Philippe P.},
    issn = {1471-2105},
    journal = {BMC bioinformatics},
    keywords = {prioritization},
    number = {1},
    pages = {389+},
    pmcid = {PMC3215680},
    pmid = {21977986},
    posted-at = {2011-10-28 08:53:13},
    priority = {2},
    title = {{ProDiGe: Prioritization Of Disease Genes with multitask machine learning from positive and unlabeled examples.}},
    volume = {12},
    year = {2011}
}

@article{citeulike:615632,
    author = {Aerts, Stein and Lambrechts, Diether and Maity, Sunit and Van Loo, Peter and Coessens, Bert and De Smet, Frederik and Tranchevent, Leon-Charles and De Moor, Bart and Marynen, Peter and Hassan, Bassem and Carmeliet, Peter and Moreau, Yves},
    comment = {Software for gene prioritizations using rank-aggregating statistics for ranked lists from various sources},
    day = {05},
    issn = {1087-0156},
    journal = {Nature Biotechnology},
    keywords = {genomics, rank-aggregation},
    month = may,
    number = {5},
    pages = {537--544},
    pmid = {16680138},
    posted-at = {2010-07-26 13:09:23},
    priority = {0},
    publisher = {Nature Publishing Group},
    title = {{Gene prioritization through genomic data fusion}},
    volume = {24},
    year = {2006}
}

@article{citeulike:3911,
    author = {Shoichet, Brian K.},
    day = {15},
    issn = {0028-0836},
    journal = {Nature},
    keywords = {biophysics, docking, review, structure},
    month = dec,
    number = {7019},
    pages = {862--865},
    pmid = {15602552},
    priority = {2},
    publisher = {Nature Publishing Group},
    title = {{Virtual screening of chemical libraries}},
    volume = {432},
    year = {2004}
}

@article{citeulike:3874823,
    author = {Kitteringham, Neil R. and Jenkins, Rosalind E. and Lane, Catherine S. and Elliott, Victoria L. and Park, B. Kevin},
    day = {1},
    issn = {1873-376X},
    journal = {Journal of chromatography. B, Analytical technologies in the biomedical and life sciences},
    keywords = {biomarkers, mrm, quantitative},
    month = may,
    number = {13},
    pages = {1229--1239},
    pmid = {19041286},
    priority = {2},
    title = {{Multiple reaction monitoring for quantitative biomarker analysis in proteomics and metabolomics.}},
    volume = {877},
    year = {2009}
}


@article{blanchard2010semi,
  title={Semi-supervised novelty detection},
  author={Blanchard, Gilles and Lee, Gyemin and Scott, Clayton},
  journal={Journal of Machine Learning Research},
  volume={11},
  pages={2973--3009},
  year={2010},
  publisher={JMLR. org}
}

@inproceedings{citeulike:4505179,
    author = {Scott, C. and Blanchard, G.},
    booktitle = {AISTATS: Artificial Intelligence and Statistics, JMLR: W\&CP 5},
    keywords = {artificial-negatives, neyman-pearson, semi-supervised},
    posted-at = {2009-05-12 14:57:53},
    priority = {2},
    title = {{Novelty detection: Unlabeled data definitely help}},
    url = {http://jmlr.csail.mit.edu/proceedings/papers/v5/scott09a.html},
    year = {2009}
}

@inproceedings{liu02partially,
  added-at = {2007-04-28T16:01:00.000+0200},
  address = {San Francisco, CA, USA},
  author = {Liu, Bing and Lee, Wee Sun and Yu, Philip S. and Li, Xiaoli},
  biburl = {http://www.bibsonomy.org/bibtex/295d61b0cd9915c3d3089d4e3d24fbeb0/kzhou},
  booktitle = {ICML '02: Proceedings of the Nineteenth International Conference on Machine Learning},
  interhash = {20a629aaa3c7b8c49f7c2835c9fe8cb2},
  intrahash = {95d61b0cd9915c3d3089d4e3d24fbeb0},
  isbn = {1-55860-873-7},
  keywords = {learning partially supervised},
  pages = {387--394},
  publisher = {Morgan Kaufmann Publishers Inc.},
  timestamp = {2007-04-28T16:01:00.000+0200},
  title = {Partially Supervised Classification of Text Documents},
  year = 2002
}

@inproceedings{Davis:2006:RPR:1143844.1143874,
 author = {Davis, Jesse and Goadrich, Mark},
 title = {The relationship between Precision-Recall and {ROC} curves},
 booktitle = {Proceedings of the 23rd international conference on Machine learning},
 series = {ICML '06},
 year = {2006},
 isbn = {1-59593-383-2},
 location = {Pittsburgh, Pennsylvania},
 pages = {233--240},
 numpages = {8},
 publisher = {ACM},
 address = {New York, NY, USA},
} 

@TechReport{bksc,
  author = 	 {Carlos Alzate and Johan A. K. Suykens},
  title = 	 {A Semi-Supervised Formulation to Binary Kernel Spectral Clustering},
  institution =  {ESAT-SISTA, K.U. Leuven},
  year = 	 {2012},
  type = 	 {Internal Report},
  number = 	 {12-14},
  address =  {Leuven, Belgium},
}

@inproceedings{bksc2,
  author = 	 {Carlos Alzate and Johan A. K. Suykens},
  title = 	 {A Semi-Supervised Formulation to Binary Kernel Spectral Clustering},
  institution =  {ESAT-SISTA, K.U. Leuven},
  year = 	 {2012},
  month = {June},
  booktitle = {2012 IEEE World Congress on Computational Intelligence (IEEE WCCI/IJCNN 2012)},
  address = {Brisbane, Australia}
}

@article{dietterich2000experimental,
  title={An experimental comparison of three methods for constructing ensembles of decision trees: Bagging, boosting, and randomization},
  author={Dietterich, Thomas G},
  journal={Machine learning},
  volume={40},
  number={2},
  pages={139--157},
  year={2000},
  publisher={Springer}
}

@article{bottou2007support,
  title={Support vector machine solvers},
  author={Bottou, L{\'e}on and Lin, Chih-Jen},
  journal={Large scale kernel machines},
  pages={301--320},
  year={2007},
  publisher={Cambridge, MA: MIT Press}
}

@article{banfield2007comparison,
  title={A comparison of decision tree ensemble creation techniques},
  author={Banfield, Robert E and Hall, Lawrence O and Bowyer, Kevin W and Kegelmeyer, W Philip},
  journal={Pattern Analysis and Machine Intelligence, IEEE Transactions on},
  volume={29},
  number={1},
  pages={173--180},
  year={2007},
  publisher={IEEE}
}

@article{brown2005diversity,
  title={Diversity creation methods: a survey and categorisation},
  author={Brown, Gavin and Wyatt, Jeremy and Harris, Rachel and Yao, Xin},
  journal={Information Fusion},
  volume={6},
  number={1},
  pages={5--20},
  year={2005},
  publisher={Elsevier}
}

@article{bylander2002estimating,
  title={Estimating generalization error on two-class datasets using out-of-bag estimates},
  author={Bylander, Tom},
  journal={Machine Learning},
  volume={48},
  number={1-3},
  pages={287--297},
  year={2002},
  publisher={Springer}
}

@article{bergstra2012random,
  title={Random search for hyper-parameter optimization},
  author={Bergstra, James and Bengio, Yoshua},
  journal={Journal of Machine Learning Research},
  volume={13},
  number={1},
  pages={281--305},
  year={2012},
  publisher={JMLR. org}
}

@article{demvsar2006statistical,
  title={Statistical comparisons of classifiers over multiple data sets},
  author={Dem{\v{s}}ar, Janez},
  journal={Journal of Machine Learning Research},
  volume={7},
  pages={1--30},
  year={2006},
  publisher={JMLR. org}
}

@article{Blackard00covtype,
    author = {Blackard, Jock A. and Dean, Denis J.},
    citeulike-article-id = {6472679},
    journal = {Computers and Electronics in Agriculture},
    keywords = {file-import-10-01-14},
    month = dec,
    number = {3},
    pages = {131--151},
    posted-at = {2010-01-03 10:24:57},
    priority = {2},
    title = {{Comparative accuracies of artificial neural networks and discriminant analysis in predicting forest cover types from cartographic variables}},
    volume = {24},
    year = {1999}
}

@inproceedings{nemenyi1962distribution,
  title={Distribution-free multiple comparisons},
  author={Nemenyi, Peter},
  booktitle={BIOMETRICS},
  volume={18},
  number={2},
  pages={263},
  year={1962},
  organization={INTERNATIONAL BIOMETRIC SOC 1441 I ST, NW, SUITE 700, WASHINGTON, DC 20005-2210}
}
