%%%%%%%%%%%%%%%%%%%%%%%%%%%%%%%%%
%    MACHINE LEARNING SOFTWARE
%%%%%%%%%%%%%%%%%%%%%%%%%%%%%%%%%

@article{schaul2010pybrain,
  title={PyBrain},
  author={Schaul, Tom and Bayer, Justin and Wierstra, Daan and Sun, Yi and Felder, Martin and Sehnke, Frank and R{\"u}ckstie{\ss}, Thomas and Schmidhuber, J{\"u}rgen},
  journal={Journal of Machine Learning Research},
  volume={11},
  pages={743--746},
  year={2010},
  publisher={JMLR.org}
}

@article{pedregosa2011scikit,
  title={Scikit-learn: Machine learning in {Python}},
  author={Pedregosa, Fabian and Varoquaux, Ga{\"e}l and Gramfort, Alexandre and Michel, Vincent and Thirion, Bertrand and Grisel, Olivier and Blondel, Mathieu and Prettenhofer, Peter and Weiss, Ron and Dubourg, Vincent and others},
  journal={Journal of Machine Learning Research},
  volume={12},
  pages={2825--2830},
  year={2011},
  publisher={JMLR.org}
}

@article{sonnenburg2010shogun,
  title={The {SHOGUN} machine learning toolbox},
  author={Sonnenburg, S{\"o}ren and R{\"a}tsch, Gunnar and Henschel, Sebastian and Widmer, Christian and Behr, Jonas and Zien, Alexander and Bona, Fabio de and Binder, Alexander and Gehl, Christian and Franc, Vojt{\v{e}}ch},
  journal={Journal of Machine Learning Research},
  volume={11},
  pages={1799--1802},
  year={2010},
  publisher={JMLR.org}
}

@article{opencv_library,
    author = {Bradski, G.},
    citeulike-article-id = {2236121},
    journal = {Dr. Dobb's Journal of Software Tools},
    keywords = {bibtex-import},
    posted-at = {2008-01-15 19:21:54},
    priority = {4},
    title = {The {OpenCV} Library},
    year = {2000},
    url={http://www.drdobbs.com/open-source/the-opencv-library/184404319}
}

@article{JMLR:v14:demsar13a,
  author  = {Janez Dem\v{s}ar and Toma\v{z} Curk and Ale\v{s} Erjavec and \v{C}rt Gorup and Toma\v{z} Ho\v{c}evar and Mitar Milutinovi\v{c} and Martin Mo\v{z}ina and Matija Polajnar and Marko Toplak and An\v{z}e Stari\v{c} and Miha \v{S}tajdohar and Lan Umek and Lan \v{Z}agar and Jure \v{Z}bontar and Marinka \v{Z}itnik and Bla\v{z} Zupan},
  title   = {Orange: Data Mining Toolbox in Python},
  journal = {Journal of Machine Learning Research},
  year    = {2013},
  volume  = {14},
  pages   = {2349-2353},
  url     = {http://jmlr.org/papers/v14/demsar13a.html}
}

@article{JMLR:v15:claesen14a,
  author  = {Marc Claesen and Frank De Smet and Johan A.K. Suykens and Bart De Moor},
  title   = {{EnsembleSVM}: A Library for Ensemble Learning Using Support Vector Machines},
  journal = {Journal of Machine Learning Research},
  year    = {2014},
  volume  = {15},
  pages   = {141-145},
  url     = {http://jmlr.org/papers/v15/claesen14a.html}
}

@inproceedings{bergstra2011theano,
  title={Theano: Deep learning on gpus with python},
  author={Bergstra, James and Bastien, Fr{\'e}d{\'e}ric and Breuleux, Olivier and Lamblin, Pascal and Pascanu, Razvan and Delalleau, Olivier and Desjardins, Guillaume and Warde-Farley, David and Goodfellow, Ian and Bergeron, Arnaud and others},
  booktitle={NIPS 2011, BigLearning Workshop, Granada, Spain},
  year={2011}
}

@inproceedings{zaharia2010spark,
  title={Spark: cluster computing with working sets},
  author={Zaharia, Matei and Chowdhury, Mosharaf and Franklin, Michael J and Shenker, Scott and Stoica, Ion},
  booktitle={Proceedings of the 2nd USENIX conference on Hot topics in cloud computing},
  pages={1--7},
  year={2010}
}

%%%%%%%%%%%%%%%%%%%%%%%%%%%%%%%%%
%      COMPETING SOFTWARE
%%%%%%%%%%%%%%%%%%%%%%%%%%%%%%%%%

% these two citations are both about HyperOpt
@inproceedings{bergstra2011implementations,
  title={Implementations of algorithms for hyper-parameter optimization},
  author={Bergstra, James and Bardenet, R{\'e}mi and K{\'e}gl, B and Bengio, Y},
  booktitle={NIPS Workshop on Bayesian optimization},
  pages={29},
  year={2011}
}
@inproceedings{bergstra2013hyperopt,
  title={Hyperopt: A {Python} library for optimizing the hyperparameters of machine learning algorithms},
  author={Bergstra, James and Yamins, Dan and Cox, David D},
  year={2013},
  booktitle={Proceedings of the 12th {Python} in Science Conference},
  pages = {13--20},
  publisher={SciPy}
}

@article{martinez2014bayesopt,
  title={{BayesOpt}: A {Bayesian} Optimization Library for Nonlinear Optimization, Experimental Design and Bandits},
  author={Martinez-Cantin, Ruben},
  journal={arXiv preprint arXiv:1405.7430},
  year={2014}
}

@article{hutter2009paramils,
  title={{ParamILS}: an automatic algorithm configuration framework},
  author={Hutter, Frank and Hoos, Holger H and Leyton-Brown, Kevin and St{\"u}tzle, Thomas},
  journal={Journal of Artificial Intelligence Research},
  volume={36},
  number={1},
  pages={267--306},
  year={2009}
}

@article{DBLP:journals/corr/abs-1208-3719,
  author    = {Chris Thornton and
               Frank Hutter and
               Holger H. Hoos and
               Kevin Leyton-Brown},
  title     = {{Auto-WEKA}: Automated Selection and Hyper-Parameter Optimization
               of Classification Algorithms},
  journal   = {CoRR},
  volume    = {abs/1208.3719},
  year      = {2012},
  ee        = {http://arxiv.org/abs/1208.3719},
  bibsource = {DBLP, http://dblp.uni-trier.de}
}

@article{roustant2012dicekriging,
  title={{DiceKriging}, {DiceOptim}: Two {R} packages for the analysis of computer experiments by kriging-based metamodeling and optimization},
  author={Roustant, Olivier and Ginsbourger, David and Deville, Yves and others},
  year={2012}
}

@inproceedings{snoek2012practical,
  title={Practical {Bayesian} optimization of machine learning algorithms},
  author={Snoek, Jasper and Larochelle, Hugo and Adams, Ryan P},
  booktitle={Advances in Neural Information Processing Systems},
  pages={2951--2959},
  year={2012}
}

%%%%%%%%%%%%%%%%%%%%%%%%%%%%%%%%%
%        SOLVER ALGORITHMS
%%%%%%%%%%%%%%%%%%%%%%%%%%%%%%%%%

% EGO
@article{jones1998efficient,
  title={Efficient global optimization of expensive black-box functions},
  author={Jones, Donald R and Schonlau, Matthias and Welch, William J},
  journal={Journal of Global optimization},
  volume={13},
  number={4},
  pages={455--492},
  year={1998},
  publisher={Springer}
}

% Nelder-Mead
@article{nelder1965simplex,
  title={A simplex method for function minimization},
  author={Nelder, John A and Mead, Roger},
  journal={The computer journal},
  volume={7},
  number={4},
  pages={308--313},
  year={1965},
  publisher={Br Computer Soc}
}

% SMAC
@incollection{hutter2011sequential,
  title={Sequential model-based optimization for general algorithm configuration},
  author={Hutter, Frank and Hoos, Holger H and Leyton-Brown, Kevin},
  booktitle={Learning and Intelligent Optimization},
  pages={507--523},
  year={2011},
  publisher={Springer}
}

@incollection{ansotegui2009gender,
  title={A gender-based genetic algorithm for the automatic configuration of algorithms},
  author={Ans{\'o}tegui, Carlos and Sellmann, Meinolf and Tierney, Kevin},
  booktitle={Principles and Practice of Constraint Programming-CP 2009},
  pages={142--157},
  year={2009},
  publisher={Springer}
}

% random search
@article{bergstra2012random,
  title={Random search for hyper-parameter optimization},
  author={Bergstra, James and Bengio, Yoshua},
  journal={Journal of Machine Learning Research},
  volume={13},
  number={1},
  pages={281--305},
  year={2012},
  publisher={JMLR.org}
}

% CMA-ES
@article{hansen2001completely,
  title={Completely derandomized self-adaptation in evolution strategies},
  author={Hansen, Nikolaus and Ostermeier, Andreas},
  journal={Evolutionary computation},
  volume={9},
  number={2},
  pages={159--195},
  year={2001},
  publisher={MIT Press}
}

% particle swarm optimization
@incollection{kennedy2010particle,
  title={Particle swarm optimization},
  author={Kennedy, James},
  booktitle={Encyclopedia of Machine Learning},
  pages={760--766},
  year={2010},
  publisher={Springer}
}

% differential evolution
@article{storn1997differential,
  title={Differential evolution--a simple and efficient heuristic for global optimization over continuous spaces},
  author={Storn, Rainer and Price, Kenneth},
  journal={Journal of global optimization},
  volume={11},
  number={4},
  pages={341--359},
  year={1997},
  publisher={Springer}
}

% csa
@article{xavier2010coupled,
  title={Coupled simulated annealing},
  author={Xavier-de-Souza, Samuel and Suykens, Johan AK and Vandewalle, Joos and Boll{\'e}, D{\'e}sir{\'e}},
  journal={Systems, Man, and Cybernetics, Part B: Cybernetics, IEEE Transactions on},
  volume={40},
  number={2},
  pages={320--335},
  year={2010},
  publisher={IEEE}
}

%%%%%%%%%%%%%%%%%%%%%%%%%%%%%%%%%
%            OTHER
%%%%%%%%%%%%%%%%%%%%%%%%%%%%%%%%%

@article{fortin2012deap,
  title={{DEAP}: Evolutionary algorithms made easy},
  author={Fortin, F{\'e}lix-Antoine and Rainville, De and Gardner, Marc-Andr{\'e} Gardner and Parizeau, Marc and Gagn{\'e}, Christian and others},
  journal={Journal of Machine Learning Research},
  volume={13},
  number={1},
  pages={2171--2175},
  year={2012},
  publisher={JMLR.org}
}


@incollection{hinton2012practical,
  title={A practical guide to training restricted boltzmann machines},
  author={Hinton, Geoffrey E},
  booktitle={Neural Networks: Tricks of the Trade},
  pages={599--619},
  year={2012},
  publisher={Springer}
}

@misc{hsu2003practical,
  title={A practical guide to support vector classification},
  author={Hsu, Chih-Wei and Chang, Chih-Chung and Lin, Chih-Jen and others},
  year={2003}
}

@article{wolpert1997no,
  title={No free lunch theorems for optimization},
  author={Wolpert, David H and Macready, William G},
  journal={Evolutionary Computation, IEEE Transactions on},
  volume={1},
  number={1},
  pages={67--82},
  year={1997},
  publisher={IEEE}
}

@article{claesen2014robust,
  title={A Robust Ensemble Approach to Learn From Positive and Unlabeled Data Using {SVM} Base Models},
  author={Claesen, Marc and De Smet, Frank and Suykens, Johan AK and De Moor, Bart},
  journal={Neurocomputing (in press)},
  year={2015}
}

@article{DBLP:journals/corr/ClaesenSPMM14,
  author    = {Claesen, Marc and Simm, Jaak and Popovic, Dusan and Moreau, Yves and De Moor, Bart},
  title     = {Easy Hyperparameter Search Using {Optunity}},
  journal   = {CoRR},
  volume    = {abs/1412.1114},
  year      = {2014},
  url       = {http://arxiv.org/abs/1412.1114},
  note	    = {\url{http://www.optunity.net}},
  timestamp = {Thu, 01 Jan 2015 19:51:08 +0100},
  biburl    = {http://dblp.uni-trier.de/rec/bib/journals/corr/ClaesenSPMM14},
  bibsource = {dblp computer science bibliography, http://dblp.org}
}


@inproceedings{bergstra2011algorithms,
  title={Algorithms for hyper-parameter optimization},
  author={Bergstra, James S and Bardenet, R{\'e}mi and Bengio, Yoshua and K{\'e}gl, Bal{\'a}zs},
  booktitle={Advances in Neural Information Processing Systems},
  pages={2546--2554},
  year={2011}
}

@article{efron1983leisurely,
  title={A leisurely look at the bootstrap, the jackknife, and cross-validation},
  author={Efron, Bradley and Gong, Gail},
  journal={The American Statistician},
  volume={37},
  number={1},
  pages={36--48},
  year={1983},
  publisher={Taylor \& Francis}
}

@inproceedings{kohavi1995study,
  title={A study of cross-validation and bootstrap for accuracy estimation and model selection},
  author={Kohavi, Ron},
  booktitle={International Joint Conference on Artificial Intelligence},
  volume={14},
  number={2},
  pages={1137--1145},
  year={1995}
}

@inproceedings{hastie2004entire,
  title={The entire regularization path for the support vector machine},
  author={Hastie, Trevor and Rosset, Saharon and Tibshirani, Robert and Zhu, Ji},
  booktitle={Journal of Machine Learning Research},
  pages={1391--1415},
  year={2004}
}

@article{friedman2010regularization,
  title={Regularization paths for generalized linear models via coordinate descent},
  author={Friedman, Jerome and Hastie, Trevor and Tibshirani, Rob},
  journal={Journal of statistical software},
  volume={33},
  number={1},
  pages={1},
  year={2010},
  publisher={NIH Public Access}
}

@article{girosi1995regularization,
  title={Regularization theory and neural networks architectures},
  author={Girosi, Federico and Jones, Michael and Poggio, Tomaso},
  journal={Neural computation},
  volume={7},
  number={2},
  pages={219--269},
  year={1995},
  publisher={MIT Press}
}

@book{shawe2004kernel,
  title={Kernel methods for pattern analysis},
  author={Shawe-Taylor, John and Cristianini, Nello},
  year={2004},
  publisher={Cambridge university press}
}

@article{ritchie2003optimization,
  title={Optimization of neural network architecture using genetic programming improves detection and modeling of gene-gene interactions in studies of human diseases},
  author={Ritchie, Marylyn D and White, Bill C and Parker, Joel S and Hahn, Lance W and Moore, Jason H},
  journal={BMC bioinformatics},
  volume={4},
  number={1},
  pages={28},
  year={2003},
  publisher={BioMed Central Ltd}
}

@article{evgeniou2000regularization,
  title={Regularization networks and support vector machines},
  author={Evgeniou, Theodoros and Pontil, Massimiliano and Poggio, Tomaso},
  journal={Advances in Computational Mathematics},
  volume={13},
  number={1},
  pages={1--50},
  year={2000},
  publisher={Springer}
}

@article{cucker2002best,
  title={Best choices for regularization parameters in learning theory: on the bias-variance problem},
  author={Cucker, Felipe and Smale, Steve},
  journal={Foundations of Computational Mathematics},
  volume={2},
  number={4},
  pages={413--428},
  year={2002},
  publisher={Springer}
}

@article{golub1979generalized,
  title={Generalized cross-validation as a method for choosing a good ridge parameter},
  author={Golub, Gene H and Heath, Michael and Wahba, Grace},
  journal={Technometrics},
  volume={21},
  number={2},
  pages={215--223},
  year={1979},
  publisher={Taylor \& Francis}
}

@book{scholkopf2002learning,
  title={Learning with kernels: support vector machines, regularization, optimization, and beyond},
  author={Sch{\"o}lkopf, Bernhard and Smola, Alexander J},
  year={2002},
  publisher={MIT press}
}

@article{bishop1995neural,
  title={Neural networks for pattern recognition},
  author={Bishop, Christopher M and others},
  year={1995},
  publisher={Clarendon press Oxford}
}

@incollection{smola2003kernels,
  title={Kernels and regularization on graphs},
  author={Smola, Alexander J and Kondor, Risi},
  booktitle={Learning theory and kernel machines},
  pages={144--158},
  year={2003},
  publisher={Springer}
}

@article{breiman2001random,
  title={Random forests},
  author={Breiman, Leo},
  journal={Machine learning},
  volume={45},
  number={1},
  pages={5--32},
  year={2001},
  publisher={Springer}
}

@article{bottou2007support,
  title={Support vector machine solvers},
  author={Bottou, L{\'e}on and Lin, Chih-Jen},
  journal={Large scale kernel machines},
  pages={301--320},
  year={2007},
  publisher={Citeseer}
}

@InProceedings{NL09a,
 title={{SVM}-optimization and steepest-descent line search},
 author = 	 {Nikolas List and Hans Ulrich Simon},
 booktitle = 	 {Proceedings of the 22nd Annual Conference on Computational Learning Theory},
 year={2009}
}

@article{sonnenburg2006large,
  title={Large scale multiple kernel learning},
  author={Sonnenburg, S{\"o}ren and R{\"a}tsch, Gunnar and Sch{\"a}fer, Christin and Sch{\"o}lkopf, Bernhard},
  journal={The Journal of Machine Learning Research},
  volume={7},
  pages={1531--1565},
  year={2006},
  publisher={JMLR. org}
}

@article{hinton2006fast,
  title={A fast learning algorithm for deep belief nets},
  author={Hinton, Geoffrey and Osindero, Simon and Teh, Yee-Whye},
  journal={Neural computation},
  volume={18},
  number={7},
  pages={1527--1554},
  year={2006},
  publisher={MIT Press}
}

@inproceedings{kirk2007nvidia,
  title={NVIDIA CUDA software and GPU parallel computing architecture},
  author={Kirk, David and others},
  booktitle={ISMM},
  volume={7},
  pages={103--104},
  year={2007}
}

@article{geman1992neural,
  title={Neural networks and the bias/variance dilemma},
  author={Geman, Stuart and Bienenstock, Elie and Doursat, Ren{\'e}},
  journal={Neural computation},
  volume={4},
  number={1},
  pages={1--58},
  year={1992},
  publisher={MIT Press}
}

@inproceedings{krizhevsky2012imagenet,
  title={Imagenet classification with deep convolutional neural networks},
  author={Krizhevsky, Alex and Sutskever, Ilya and Hinton, Geoffrey E},
  booktitle={Advances in neural information processing systems},
  pages={1097--1105},
  year={2012}
}

@inproceedings{sutskever2014sequence,
  title={Sequence to sequence learning with neural networks},
  author={Sutskever, Ilya and Vinyals, Oriol and Le, Quoc VV},
  booktitle={Advances in Neural Information Processing Systems},
  pages={3104--3112},
  year={2014}
}

@inproceedings{joachims2003transductive,
  title={Transductive learning via spectral graph partitioning},
  author={Joachims, Thorsten and others},
  booktitle={ICML},
  volume={3},
  pages={290--297},
  year={2003}
}

@article{cortes1995support,
  title={Support-vector networks},
  author={Cortes, Corinna and Vapnik, Vladimir},
  journal={Machine learning},
  volume={20},
  number={3},
  pages={273--297},
  year={1995},
  publisher={Springer}
}

@article{eggensperger2015efficient,
  title={Efficient Benchmarking of Hyperparameter Optimizers via Surrogates},
  author={Eggensperger, Katharina and Hutter, Frank and Hoos, Holger H and Leyton-Brown, Kevin},
  year={2015}
}

@inproceedings{eggensperger2013towards,
  title={Towards an empirical foundation for assessing {Bayesian} optimization of hyperparameters},
  author={Eggensperger, Katharina and Feurer, Matthias and Hutter, Frank and Bergstra, James and Snoek, Jasper and Hoos, Holger and Leyton-Brown, Kevin},
  booktitle={NIPS workshop on Bayesian Optimization in Theory and Practice},
  year={2013}
}

@inproceedings{bergstra2013making,
  title={Making a science of model search: Hyperparameter optimization in hundreds of dimensions for vision architectures},
  author={Bergstra, James and Yamins, Daniel and Cox, David},
  booktitle={Proceedings of The 30th International Conference on Machine Learning},
  pages={115--123},
  year={2013}
}

@article{chang2011libsvm,
  title={{LIBSVM}: a library for support vector machines},
  author={Chang, Chih-Chung and Lin, Chih-Jen},
  journal={ACM Transactions on Intelligent Systems and Technology (TIST)},
  volume={2},
  number={3},
  pages={27},
  year={2011},
  publisher={ACM}
}

@inproceedings{dean2012large,
  title={Large scale distributed deep networks},
  author={Dean, Jeffrey and Corrado, Greg and Monga, Rajat and Chen, Kai and Devin, Matthieu and Mao, Mark and Senior, Andrew and Tucker, Paul and Yang, Ke and Le, Quoc V and others},
  booktitle={Advances in Neural Information Processing Systems},
  pages={1223--1231},
  year={2012}
}


@inproceedings{cawley2004efficient,
  title={Efficient model selection for kernel logistic regression},
  author={Cawley, Gavin C and Talbot, Nicola LC},
  booktitle={Proceedings of the 17th International Conference on Pattern Recognition (ICPR 2004)},
  volume={2},
  pages={439--442},
  year={2004},
  organization={IEEE}
}

@article{tsai2006tuning,
  title={Tuning the structure and parameters of a neural network by using hybrid Taguchi-genetic algorithm},
  author={Tsai, Jinn-Tsong and Chou, Jyh-Horng and Liu, Tung-Kuan},
  journal={Neural Networks, IEEE Transactions on},
  volume={17},
  number={1},
  pages={69--80},
  year={2006},
  publisher={IEEE}
}

@inproceedings{thornton2013auto,
  title={Auto-WEKA: Combined selection and hyperparameter optimization of classification algorithms},
  author={Thornton, Chris and Hutter, Frank and Hoos, Holger H and Leyton-Brown, Kevin},
  booktitle={Proceedings of the 19th ACM SIGKDD international conference on Knowledge discovery and data mining},
  pages={847--855},
  year={2013},
  organization={ACM}
}

@article{meissner2006optimized,
  title={Optimized Particle Swarm Optimization {(OPSO)} and its application to artificial neural network training},
  author={Meissner, Michael and Schmuker, Michael and Schneider, Gisbert},
  journal={BMC bioinformatics},
  volume={7},
  number={1},
  pages={125},
  year={2006},
  publisher={BioMed Central Ltd}
}

@article{bachoc2013cross,
  title={Cross Validation and Maximum Likelihood estimations of hyper-parameters of Gaussian processes with model misspecification},
  author={Bachoc, Fran{\c{c}}ois},
  journal={Computational Statistics \& Data Analysis},
  volume={66},
  pages={55--69},
  year={2013},
  publisher={Elsevier}
}

@article{lin2008particle,
  title={Particle swarm optimization for parameter determination and feature selection of support vector machines},
  author={Lin, Shih-Wei and Ying, Kuo-Ching and Chen, Shih-Chieh and Lee, Zne-Jung},
  journal={Expert systems with applications},
  volume={35},
  number={4},
  pages={1817--1824},
  year={2008},
  publisher={Elsevier}
}


@incollection{birattari2010f,
  title={F-Race and iterated F-Race: An overview},
  author={Birattari, Mauro and Yuan, Zhi and Balaprakash, Prasanna and St{\"u}tzle, Thomas},
  booktitle={Experimental methods for the analysis of optimization algorithms},
  pages={311--336},
  year={2010},
  publisher={Springer}
}

@article{guyondesign,
  title={Design of the 2015 ChaLearn AutoML Challenge},
  author={Guyon, Isabelle and Bennett, Kristin and Cawley, Gavin and Escalante, Hugo Jair and Escalera, Sergio and Ho, Tin Kam and Macia, N{\'u}ria and Ray, Bisakha and Saeed, Mehreen and Statnikov, Alexander and others}
}
