@article{varma2006bias,
  title={Bias in error estimation when using cross-validation for model selection},
  author={Varma, Sudhir and Simon, Richard},
  journal={BMC bioinformatics},
  volume={7},
  number={1},
  pages={91},
  year={2006},
  publisher={BioMed Central Ltd}
}

@article{pedregosa2011scikit,
  title={Scikit-learn: Machine learning in {Python}},
  author={Pedregosa, Fabian and Varoquaux, Ga{\"e}l and Gramfort, Alexandre and Michel, Vincent and Thirion, Bertrand and Grisel, Olivier and Blondel, Mathieu and Prettenhofer, Peter and Weiss, Ron and Dubourg, Vincent and others},
  journal={Journal of Machine Learning Research},
  volume={12},
  pages={2825--2830},
  year={2011},
  publisher={JMLR.org}
}


@article{CC01a,
 author = {Chang, Chih-Chung and Lin, Chih-Jen},
 title = {{LIBSVM}: A library for support vector machines},
 journal = {ACM Transactions on Intelligent Systems and Technology},
 volume = {2},
 issue = {3},
 year = {2011},
 pages = {27:1--27:27},
 note =	 {Software available at \url{http://www.csie.ntu.edu.tw/~cjlin/libsvm}}
}

@article{mann1947test,
  title={On a test of whether one of two random variables is stochastically larger than the other},
  author={Mann, Henry B and Whitney, Donald R},
  journal={The annals of mathematical statistics},
  pages={50--60},
  year={1947},
  publisher={JSTOR},
  doi = {10.1214/aoms/1177730491}
}

@article{Claesen2015resvm,
title = "A robust ensemble approach to learn from positive and unlabeled data using {SVM} base models ",
journal = "Neurocomputing ",
volume = "160",
number = "0",
pages = "73 - 84",
year = "2015",
note = "",
issn = "0925-2312",
doi = "http://dx.doi.org/10.1016/j.neucom.2014.10.081",
url = "http://www.sciencedirect.com/science/article/pii/S0925231215001174",
author = "Marc Claesen and Frank De Smet and Johan A.K. Suykens and Bart De Moor",
keywords = "Classification",
keywords = "Semi-supervised learning",
keywords = "Ensemble learning",
keywords = "Support vector machine "
}

@article{claesen2015icml,
 author = {Claesen, Marc and Davis, Jesse and De Smet, Frank and De Moor, Bart},
 title = {Assessing binary classifiers using only positive and unlabeled data},
 journal = {arXiv preprint arXiv:1504.06837},
 url = {http://arxiv.org/abs/1504.06837},
 year = {2015},
} 


@article{claesen2014easy,
  title={Easy Hyperparameter Search Using {Optunity}},
  author={Claesen, Marc and Simm, Jaak and Popovic, Dusan and Moreau, Yves and De Moor, Bart},
  journal={arXiv preprint arXiv:1412.1114},
  url={http://arxiv.org/abs/1412.1114},
  year={2014}
}



@article{hanley1982meaning,
  title={The meaning and use of the area under a receiver operating characteristic ({ROC}) curve.},
  author={Hanley, James A and McNeil, Barbara J},
  journal={Radiology},
  volume={143},
  number={1},
  pages={29--36},
  year={1982}
}

@article{MORDELET-2010-523336,
  title={A bagging {SVM} to learn from positive and unlabeled examples},
  author={Mordelet, Fantine and Vert, Jean-Philippe},
  journal={Pattern Recognition Letters},
  volume={37},
  pages={201--209},
  year={2014},
  publisher={Elsevier}
}

@inproceedings{Liu:2003:BTC:951949.952139,
 author = {Liu, Bing and Dai, Yang and Li, Xiaoli and Lee, Wee Sun and Yu, Philip S.},
 title = {Building Text Classifiers Using Positive and Unlabeled Examples},
 booktitle = {Proceedings of the Third IEEE International Conference on Data Mining},
 series = {ICDM '03},
 year = {2003},
 isbn = {0-7695-1978-4},
 pages = {179--186},
 publisher = {IEEE Computer Society},
 address = {Washington, DC, USA},
} 


@techreport{osuna1997,
    author = {Osuna, Edgar and Freund, Robert and Girosi, Federico},
    number = {AIM-1602},
    posted-at = {2005-12-09 13:43:28},
    priority = {2},
    title = {{Support Vector Machines: Training and Applications}},
    year = {1997}
}

@article{Breiman:1996:BP:231986.231989,
 author = {Breiman, Leo},
 title = {Bagging predictors},
 journal = {Machine Learning},
 issue_date = {Aug. 1996},
 volume = {24},
 number = {2},
 month = aug,
 year = {1996},
 issn = {0885-6125},
 pages = {123--140},
 numpages = {18},
 publisher = {Kluwer Academic Publishers},
 address = {Hingham, MA, USA},
 keywords = {aggregation, averaging, bootstrap, combining},
}

@article{JMLR:v14:demsar13a,
  author  = {Janez Dem\v{s}ar and Toma\v{z} Curk and Ale\v{s} Erjavec and \v{C}rt Gorup and Toma\v{z} Ho\v{c}evar and Mitar Milutinovi\v{c} and Martin Mo\v{z}ina and Matija Polajnar and Marko Toplak and An\v{z}e Stari\v{c} and Miha \v{S}tajdohar and Lan Umek and Lan \v{Z}agar and Jure \v{Z}bontar and Marinka \v{Z}itnik and Bla\v{z} Zupan},
  title   = {Orange: Data Mining Toolbox in Python},
  journal = {Journal of Machine Learning Research},
  year    = {2013},
  volume  = {14},
  pages   = {2349-2353},
  url     = {http://jmlr.org/papers/v14/demsar13a.html}
}

@article{JMLR:v15:claesen14a,
  author  = {Marc Claesen and Frank De Smet and Johan A.K. Suykens and Bart De Moor},
  title   = {{EnsembleSVM}: A Library for Ensemble Learning Using Support Vector Machines},
  journal = {Journal of Machine Learning Research},
  year    = {2014},
  volume  = {15},
  pages   = {141-145},
  url     = {http://jmlr.org/papers/v15/claesen14a.html}
}

@inproceedings{bergstra2011theano,
  title={Theano: Deep learning on gpus with python},
  author={Bergstra, James and Bastien, Fr{\'e}d{\'e}ric and Breuleux, Olivier and Lamblin, Pascal and Pascanu, Razvan and Delalleau, Olivier and Desjardins, Guillaume and Warde-Farley, David and Goodfellow, Ian and Bergeron, Arnaud and others},
  booktitle={NIPS 2011, BigLearning Workshop, Granada, Spain},
  year={2011}
}

@inproceedings{zaharia2010spark,
  title={Spark: cluster computing with working sets},
  author={Zaharia, Matei and Chowdhury, Mosharaf and Franklin, Michael J and Shenker, Scott and Stoica, Ion},
  booktitle={Proceedings of the 2nd USENIX conference on Hot topics in cloud computing},
  pages={1--7},
  year={2010}
}

%%%%%%%%%%%%%%%%%%%%%%%%%%%%%%%%%
%      COMPETING SOFTWARE
%%%%%%%%%%%%%%%%%%%%%%%%%%%%%%%%%

% these two citations are both about HyperOpt
@inproceedings{bergstra2011implementations,
  title={Implementations of algorithms for hyper-parameter optimization},
  author={Bergstra, James and Bardenet, R{\'e}mi and K{\'e}gl, B and Bengio, Y},
  booktitle={NIPS Workshop on Bayesian optimization},
  pages={29},
  year={2011}
}
@inproceedings{bergstra2013hyperopt,
  title={Hyperopt: A python library for optimizing the hyperparameters of machine learning algorithms},
  author={Bergstra, James and Yamins, Dan and Cox, David D},
  year={2013},
  booktitle={Proceedings of the 12th Python in Science Conference},
  pages = {13--20},
  publisher={SciPy}
}

@article{martinez2014bayesopt,
  title={{BayesOpt}: A {Bayesian} Optimization Library for Nonlinear Optimization, Experimental Design and Bandits},
  author={Martinez-Cantin, Ruben},
  journal={arXiv preprint arXiv:1405.7430},
  year={2014}
}

@article{hutter2009paramils,
  title={{ParamILS}: an automatic algorithm configuration framework},
  author={Hutter, Frank and Hoos, Holger H and Leyton-Brown, Kevin and St{\"u}tzle, Thomas},
  journal={Journal of Artificial Intelligence Research},
  volume={36},
  number={1},
  pages={267--306},
  year={2009}
}

@article{DBLP:journals/corr/abs-1208-3719,
  author    = {Chris Thornton and
               Frank Hutter and
               Holger H. Hoos and
               Kevin Leyton-Brown},
  title     = {{Auto-WEKA}: Automated Selection and Hyper-Parameter Optimization
               of Classification Algorithms},
  journal   = {CoRR},
  volume    = {abs/1208.3719},
  year      = {2012},
  ee        = {http://arxiv.org/abs/1208.3719},
  bibsource = {DBLP, http://dblp.uni-trier.de}
}

@article{roustant2012dicekriging,
  title={{DiceKriging}, {DiceOptim}: Two {R} packages for the analysis of computer experiments by kriging-based metamodeling and optimization},
  author={Roustant, Olivier and Ginsbourger, David and Deville, Yves and others},
  year={2012}
}

@inproceedings{snoek2012practical,
  title={Practical {Bayesian} optimization of machine learning algorithms},
  author={Snoek, Jasper and Larochelle, Hugo and Adams, Ryan P},
  booktitle={Advances in Neural Information Processing Systems},
  pages={2951--2959},
  year={2012}
}

%%%%%%%%%%%%%%%%%%%%%%%%%%%%%%%%%
%        SOLVER ALGORITHMS
%%%%%%%%%%%%%%%%%%%%%%%%%%%%%%%%%

% EGO
@article{jones1998efficient,
  title={Efficient global optimization of expensive black-box functions},
  author={Jones, Donald R and Schonlau, Matthias and Welch, William J},
  journal={Journal of Global optimization},
  volume={13},
  number={4},
  pages={455--492},
  year={1998},
  publisher={Springer}
}

% Nelder-Mead
@article{nelder1965simplex,
  title={A simplex method for function minimization},
  author={Nelder, John A and Mead, Roger},
  journal={The computer journal},
  volume={7},
  number={4},
  pages={308--313},
  year={1965},
  publisher={Br Computer Soc}
}

% SMAC
@incollection{hutter2011sequential,
  title={Sequential model-based optimization for general algorithm configuration},
  author={Hutter, Frank and Hoos, Holger H and Leyton-Brown, Kevin},
  booktitle={Learning and Intelligent Optimization},
  pages={507--523},
  year={2011},
  publisher={Springer}
}

@incollection{ansotegui2009gender,
  title={A gender-based genetic algorithm for the automatic configuration of algorithms},
  author={Ans{\'o}tegui, Carlos and Sellmann, Meinolf and Tierney, Kevin},
  booktitle={Principles and Practice of Constraint Programming-CP 2009},
  pages={142--157},
  year={2009},
  publisher={Springer}
}

% random search
@article{bergstra2012random,
  title={Random search for hyper-parameter optimization},
  author={Bergstra, James and Bengio, Yoshua},
  journal={Journal of Machine Learning Research},
  volume={13},
  number={1},
  pages={281--305},
  year={2012},
  publisher={JMLR.org}
}

% CMA-ES
@article{hansen2001completely,
  title={Completely derandomized self-adaptation in evolution strategies},
  author={Hansen, Nikolaus and Ostermeier, Andreas},
  journal={Evolutionary computation},
  volume={9},
  number={2},
  pages={159--195},
  year={2001},
  publisher={MIT Press}
}

% particle swarm optimization
@incollection{kennedy2010particle,
  title={Particle swarm optimization},
  author={Kennedy, James},
  booktitle={Encyclopedia of Machine Learning},
  pages={760--766},
  year={2010},
  publisher={Springer}
}

% differential evolution
@article{storn1997differential,
  title={Differential evolution--a simple and efficient heuristic for global optimization over continuous spaces},
  author={Storn, Rainer and Price, Kenneth},
  journal={Journal of global optimization},
  volume={11},
  number={4},
  pages={341--359},
  year={1997},
  publisher={Springer}
}

% csa
@article{xavier2010coupled,
  title={Coupled simulated annealing},
  author={Xavier-de-Souza, Samuel and Suykens, Johan AK and Vandewalle, Joos and Boll{\'e}, D{\'e}sir{\'e}},
  journal={Systems, Man, and Cybernetics, Part B: Cybernetics, IEEE Transactions on},
  volume={40},
  number={2},
  pages={320--335},
  year={2010},
  publisher={IEEE}
}

%%%%%%%%%%%%%%%%%%%%%%%%%%%%%%%%%
%            OTHER
%%%%%%%%%%%%%%%%%%%%%%%%%%%%%%%%%

@article{fortin2012deap,
  title={{DEAP}: Evolutionary algorithms made easy},
  author={Fortin, F{\'e}lix-Antoine and Rainville, De and Gardner, Marc-Andr{\'e} Gardner and Parizeau, Marc and Gagn{\'e}, Christian and others},
  journal={Journal of Machine Learning Research},
  volume={13},
  number={1},
  pages={2171--2175},
  year={2012},
  publisher={JMLR.org}
}


@incollection{hinton2012practical,
  title={A practical guide to training restricted boltzmann machines},
  author={Hinton, Geoffrey E},
  booktitle={Neural Networks: Tricks of the Trade},
  pages={599--619},
  year={2012},
  publisher={Springer}
}

@misc{hsu2003practical,
  title={A practical guide to support vector classification},
  author={Hsu, Chih-Wei and Chang, Chih-Chung and Lin, Chih-Jen and others},
  year={2003}
}

@article{wolpert1997no,
  title={No free lunch theorems for optimization},
  author={Wolpert, David H and Macready, William G},
  journal={Evolutionary Computation, IEEE Transactions on},
  volume={1},
  number={1},
  pages={67--82},
  year={1997},
  publisher={IEEE}
}

@article{claesen2014robust,
  title={A Robust Ensemble Approach to Learn From Positive and Unlabeled Data Using SVM Base Models},
  author={Claesen, Marc and De Smet, Frank and Suykens, Johan AK and De Moor, Bart},
  journal={arXiv preprint arXiv:1402.3144},
  year={2014}
}

@book{world1996guidelines,
  title={Guidelines for ATC classification and DDD assignment},
  author={{WHO Collaborating Centre for Drug Statistics Methodology}},
  year={2015},
  location={Oslo},
  publisher={World Health Organization}
}



@article{pauker1993deciding,
  title={Deciding about screening},
  author={Pauker, Stephen G},
  journal={Annals of internal medicine},
  volume={118},
  number={11},
  pages={901--902},
  year={1993},
  publisher={Am Coll Physicians}
}

@article{engelgau2000screening,
  title={Screening for type 2 diabetes.},
  author={Engelgau, Michael M and Narayan, KM and Herman, William H},
  journal={Diabetes Care},
  volume={23},
  number={10},
  pages={1563--1580},
  year={2000},
  publisher={Am Diabetes Assoc}
}

@article{harris1998prevalence,
  title={Prevalence of diabetes, impaired fasting glucose, and impaired glucose tolerance in {US} adults: the {Third National Health and Nutrition Examination Survey}, 1988--1994},
  author={Harris, Maureen I and Flegal, Katherine M and Cowie, Catherine C and Eberhardt, Mark S and Goldstein, David E and Little, Randie R and Wiedmeyer, Hsiao-Mei and Byrd-Holt, Danita D},
  journal={Diabetes Care},
  volume={21},
  number={4},
  pages={518--524},
  year={1998},
  publisher={Am Diabetes Assoc}
}

@article{king1998global,
  title={Global burden of diabetes, 1995--2025: prevalence, numerical estimates, and projections},
  author={King, Hilary and Aubert, Ronald E and Herman, William H},
  journal={Diabetes Care},
  volume={21},
  number={9},
  pages={1414--1431},
  year={1998},
  publisher={Am Diabetes Assoc}
}

@article{harris1993undiagnosed,
  title={Undiagnosed {NIDDM}: clinical and public health issues},
  author={Harris, Maureen I},
  journal={Diabetes Care},
  volume={16},
  number={4},
  pages={642--652},
  year={1993},
  publisher={Am Diabetes Assoc}
}

@article{rubin1994health,
  title={Health care expenditures for people with diabetes mellitus, 1992.},
  author={Rubin, Robert J and Altman, William M and Mendelson, Daniel N},
  journal={The Journal of Clinical Endocrinology \& Metabolism},
  volume={78},
  number={4},
  pages={809A--809F},
  year={1994}
}

@article{harris1987prevalence,
  title={Prevalence of diabetes and impaired glucose tolerance and plasma glucose levels in {US} population aged 20--74 yr},
  author={Harris, Maureen I and Hadden, Wilbur C and Knowler, William C and Bennett, Peter H},
  journal={Diabetes},
  volume={36},
  number={4},
  pages={523--534},
  year={1987},
  publisher={Am Diabetes Assoc}
}

@article{wareham2001should,
  title={Should we screen for type 2 diabetes? Evaluation against National Screening Committee criteria},
  author={Wareham, Nicholas J and Griffin, Simon J},
  journal={BMJ: British Medical Journal},
  volume={322},
  number={7292},
  pages={986},
  year={2001},
  publisher={BMJ Group}
}

@article{world1994prevention,
  title={Prevention of diabetes mellitus: report of a {WHO} study group [meeting held in Geneva from 16 to 20 November 1992]},
  author={{World Health Organization} and others},
  number={WHO technical report number 844},
  year={1994},
  publisher={Geneva: World Health Organization}
}

@article{alberti1998report,
  title={Report of the expert committee on the diagnosis and classification of diabetes mellitus},
  author={Alberti, KGMM and Davidson, Mayer B and DeFronzo, Ralph A and Drash, Allan and Genuth, Saul and Harris, Maureen I and Kahn, Richard and Keen, Harry and Knowler, William C and Lebovitz, Harold and others},
  journal={Diabetes Care},
  volume={21},
  pages={S5},
  year={1998},
  publisher={Am Diabetes Assoc}
}


@article{harris1998risk,
  title={Is the risk of diabetic retinopathy greater in non-Hispanic blacks and Mexican Americans than in non-Hispanic whites with type 2 diabetes?: A {US} population study},
  author={Harris, Maureen I and Klein, Ronald and Cowie, Catherine C and Rowland, Michael and Byrd-Holt, Danita D},
  journal={Diabetes Care},
  volume={21},
  number={8},
  pages={1230--1235},
  year={1998},
  publisher={Am Diabetes Assoc}
}

@article{rajala1998prevalence,
  title={Prevalence of retinopathy in people with diabetes, impaired glucose tolerance, and normal glucose tolerance},
  author={Rajala, Ulla and Laakso, Mauri and Qiao, Qing and Kein{\"a}nen-Kiukaanniemi, Sirkka},
  journal={Diabetes Care},
  volume={21},
  number={10},
  pages={1664--1669},
  year={1998},
  publisher={Am Diabetes Assoc}
}


@article{kohner1998united,
  title={{United Kingdom Prospective Diabetes Study}, 30: diabetic retinopathy at diagnosis of non--insulin-dependent diabetes mellitus and associated risk factors},
  author={Kohner, Eva M and Aldington, Stephen J and Stratton, Irene M and Manley, Susan E and Holman, Rury R and Matthews, David R and Turner, Robert C},
  journal={Archives of Ophthalmology},
  volume={116},
  number={3},
  pages={297--303},
  year={1998},
  publisher={American Medical Association}
}

@article{harris1992onset,
  title={Onset of {NIDDM} occurs at least 4--7 yr before clinical diagnosis},
  author={Harris, Maureen I and Klein, Ronald and Welborn, Tim A and Knuiman, Matthew W},
  journal={Diabetes Care},
  volume={15},
  number={7},
  pages={815--819},
  year={1992},
  publisher={Am Diabetes Assoc}
}

@article{ballard1988epidemiology,
  title={Epidemiology of persistent proteinuria in type {II} diabetes mellitus: population-based study in {Rochester}, {Minnesota}},
  author={Ballard, David J and Humphrey, Linda L and Melton, L Joseph and Frohnert, Peter P and Chu, Chu-Pin and O'Fallon, W Michael and Palumbo, Pasquale J},
  journal={Diabetes},
  volume={37},
  number={4},
  pages={405--412},
  year={1988},
  publisher={Am Diabetes Assoc}
}

@article{schwarz2009finnish,
  title={The {Finnish Diabetes Risk Score} is associated with insulin resistance and progression towards type 2 diabetes},
  author={Schwarz, Peter EH and Li, Jiang and Reimann, Manja and Schutte, Alta E and Bergmann, Antje and Hanefeld, Markolf and Bornstein, Stefan R and Schulze, Jan and Tuomilehto, Jaakko and Lindstrom, Jaana},
  journal={The Journal of Clinical Endocrinology \& Metabolism},
  volume={94},
  number={3},
  pages={920--926},
  year={2009},
  publisher={Endocrine Society}
}

@article{charlone2004danish,
  title={A {Danish} diabetes risk score for targeted screening},
  author={Charlone, G and Torsten, L and Bendix, C and others},
  journal={Diabetes Care},
  volume={27},
  pages={727--733},
  year={2004}
}

@article{lindstrom2003diabetes,
  title={The Diabetes Risk Score A practical tool to predict type 2 diabetes risk},
  author={Lindstr{\"o}m, Jaana and Tuomilehto, Jaakko},
  journal={Diabetes Care},
  volume={26},
  number={3},
  pages={725--731},
  year={2003},
  publisher={Am Diabetes Assoc}
}

@article{stern2002identification,
  title={Identification of persons at high risk for type 2 diabetes mellitus: do we need the oral glucose tolerance test?},
  author={Stern, Michael P and Williams, Ken and Haffner, Steven M},
  journal={Annals of Internal Medicine},
  volume={136},
  number={8},
  pages={575--581},
  year={2002},
  publisher={Am Coll Physicians}
}

@article{baan1999performance,
  title={Performance of a predictive model to identify undiagnosed diabetes in a health care setting.},
  author={Baan, Caroline A and Ruige, Johannes B and Stolk, Ronald P and Witteman, JC and Dekker, Jacqueline M and Heine, Robert J and Feskens, EJ},
  journal={Diabetes Care},
  volume={22},
  number={2},
  pages={213--219},
  year={1999},
  publisher={Am Diabetes Assoc}
}

@article{mcneely2003comparison,
  title={Comparison of a clinical model, the oral glucose tolerance test, and fasting glucose for prediction of type 2 diabetes risk in {Japanese} {Americans}},
  author={McNeely, Marguerite J and Boyko, Edward J and Leonetti, Donna L and Kahn, Steven E and Fujimoto, Wilfred Y},
  journal={Diabetes Care},
  volume={26},
  number={3},
  pages={758--763},
  year={2003},
  publisher={Am Diabetes Assoc}
}

@article{glumer2004danish,
  title={A {Danish} Diabetes Risk Score for Targeted Screening -- The {Inter99} study},
  author={Gl{\"u}mer, Charlotte and Carstensen, Bendix and Sandb{\ae}k, Annelli and Lauritzen, Torsten and J{\o}rgensen, Torben and Borch-Johnsen, Knut},
  journal={Diabetes Care},
  volume={27},
  number={3},
  pages={727--733},
  year={2004},
  publisher={Am Diabetes Assoc}
}



@article{spijkerman2004performance,
  title={The Performance of a Risk Score as a Screening Test for Undiagnosed Hyperglycemia in Ethnic Minority Groups Data from the 1999 Health Survey for {England}},
  author={Spijkerman, Annemieke MW and Yuyun, Matthew F and Griffin, Simon J and Dekker, Jacqueline M and Nijpels, Giel and Wareham, Nicholas J},
  journal={Diabetes Care},
  volume={27},
  number={1},
  pages={116--122},
  year={2004},
  publisher={Am Diabetes Assoc}
}

@article{stern2004does,
  title={Does the metabolic syndrome improve identification of individuals at risk of type 2 diabetes and/or cardiovascular disease?},
  author={Stern, Michael P and Williams, Ken and Gonz{\'a}lez-Villalpando, Clicerio and Hunt, Kelly J and Haffner, Steven M},
  journal={Diabetes Care},
  volume={27},
  number={11},
  pages={2676--2681},
  year={2004},
  publisher={Am Diabetes Assoc}
}

@article{schulze2007accurate,
  title={An accurate risk score based on anthropometric, dietary, and lifestyle factors to predict the development of type 2 diabetes},
  author={Schulze, Matthias B and Hoffmann, Kurt and Boeing, Heiner and Linseisen, Jakob and Rohrmann, Sabine and M{\"o}hlig, Matthias and Pfeiffer, Andreas FH and Spranger, Joachim and Thamer, Claus and H{\"a}ring, Hans-Ulrich and others},
  journal={Diabetes Care},
  volume={30},
  number={3},
  pages={510--515},
  year={2007},
  publisher={Am Diabetes Assoc}
}

@article{heikes2008diabetes,
  title={Diabetes Risk Calculator A simple tool for detecting undiagnosed diabetes and pre-diabetes},
  author={Heikes, Kenneth E and Eddy, David M and Arondekar, Bhakti and Schlessinger, Leonard},
  journal={Diabetes Care},
  volume={31},
  number={5},
  pages={1040--1045},
  year={2008},
  publisher={Am Diabetes Assoc}
}

@article{hu2002elevated,
  title={Elevated risk of cardiovascular disease prior to clinical diagnosis of type 2 diabetes},
  author={Hu, Frank B and Stampfer, Meir J and Haffner, Steven M and Solomon, Caren G and Willett, Walter C and Manson, JoAnn E},
  journal={Diabetes Care},
  volume={25},
  number={7},
  pages={1129--1134},
  year={2002},
  publisher={Am Diabetes Assoc}
}

@article{Fawcett:2006:IRA:1159473.1159475,
 author = {Fawcett, Tom},
 title = {An Introduction to {ROC} Analysis},
 journal = {Pattern Recognition Letters},
 issue_date = {June 2006},
 volume = {27},
 number = {8},
 month = jun,
 year = {2006},
 issn = {0167-8655},
 pages = {861--874},
 numpages = {14},
 url = {http://dx.doi.org/10.1016/j.patrec.2005.10.010},
 doi = {10.1016/j.patrec.2005.10.010},
 acmid = {1159475},
 publisher = {Elsevier Science Inc.},
 address = {New York, NY, USA},
 keywords = {Classifier evaluation, Evaluation metrics, ROC analysis},
} 


@Misc{scipy,
  author =    {Eric Jones and Travis Oliphant and Pearu Peterson and others},
  title =     {{SciPy}: Open source scientific tools for {Python}},
  year =      {2001},
  url = "http://www.scipy.org/",
  note = {[Online; accessed 2015-04-16]}
}

@article{van2011numpy,
  title={The {NumPy} array: a structure for efficient numerical computation},
  author={Van Der Walt, Stefan and Colbert, S Chris and Varoquaux, Gael},
  journal={Computing in Science \& Engineering},
  volume={13},
  number={2},
  pages={22--30},
  year={2011},
  publisher={AIP Publishing}
}

@article{world2012international,
  title={International classification of diseases {(ICD)}},
  author={{World Health Organization} and others},
  year={2012}
}

@inproceedings{Elkan:2008:LCO:1401890.1401920,
 author = {Elkan, Charles and Noto, Keith},
 title = {Learning classifiers from only positive and unlabeled data},
 booktitle = {Proceedings of the 14th ACM SIGKDD international conference on Knowledge discovery and data mining},
 series = {KDD '08},
 year = {2008},
 location = {Las Vegas, Nevada, USA},
 pages = {213--220},
 numpages = {8},
 publisher = {ACM},
 address = {New York, NY, USA},
 keywords = {bioinformatics, supervised learning, text mining, unlabeled examples},
} 

@INPROCEEDINGS{Lee03learningwith,
    author = {Wee Sun Lee and Bing Liu},
    title = {Learning with Positive and Unlabeled Examples Using Weighted Logistic Regression},
    booktitle = {Proceedings of the Twentieth International Conference on Machine Learning (ICML)},
    year = {2003},
    pages={448--455}
}


@article{Yu:2005:SCM:1108759.1108762,
 author = {Yu, Hwanjo},
 title = {Single-Class Classification with Mapping Convergence},
 journal = {Machine Learning},
 issue_date = {November  2005},
 volume = {61},
 number = {1-3},
 month = nov,
 year = {2005},
 issn = {0885-6125},
 pages = {49--69},
 numpages = {21},
 publisher = {Kluwer Academic Publishers},
 address = {Hingham, MA, USA},
 keywords = {Single-Class Classification, Support Vector Machines},
} 


@inproceedings{liu02partially,
  added-at = {2007-04-28T16:01:00.000+0200},
  address = {San Francisco, CA, USA},
  author = {Liu, Bing and Lee, Wee Sun and Yu, Philip S. and Li, Xiaoli},
  biburl = {http://www.bibsonomy.org/bibtex/295d61b0cd9915c3d3089d4e3d24fbeb0/kzhou},
  booktitle = {ICML '02: Proceedings of the Nineteenth International Conference on Machine Learning},
  interhash = {20a629aaa3c7b8c49f7c2835c9fe8cb2},
  intrahash = {95d61b0cd9915c3d3089d4e3d24fbeb0},
  isbn = {1-55860-873-7},
  keywords = {learning partially supervised},
  pages = {387--394},
  publisher = {Morgan Kaufmann Publishers Inc.},
  timestamp = {2007-04-28T16:01:00.000+0200},
  title = {Partially Supervised Classification of Text Documents},
  year = 2002
}

@article{daemen2009kernel,
  title={A kernel-based integration of genome-wide data for clinical decision support},
  author={Daemen, Anneleen and Gevaert, Olivier and Ojeda, Fabian and Debucquoy, Annelies and Suykens, Johan A.K. and Sempoux, Christine and Machiels, Jean-Pascal and Haustermans, Karin and De Moor, Bart},
  journal={Genome Medicine},
  volume={1},
  number={4},
  pages={39},
  year={2009},
  publisher={BioMed Central Ltd}
}

@inproceedings{cawley2006leave,
  title={Leave-one-out cross-validation based model selection criteria for weighted {LS-SVMs}},
  author={Cawley, Gavin C},
  booktitle={International Joint Conference on Neural Networks (IJCNN'06)},
  pages={1661--1668},
  year={2006},
  organization={IEEE}
}

@article{van2008financing,
  title={Financing health care in {Belgium}. The nomenclature: from fee-for-service to budget-financing},
  author={Van den Oever, R and Volckaert, C},
  journal={Acta chirurgica Belgica},
  volume={108},
  number={2},
  pages={157},
  year={2008},
  publisher={AMB ACTA MEDICA BELGICA}
}

@article{griffin2000diabetes,
  title={Diabetes risk score: towards earlier detection of type 2 diabetes in general practice},
  author={Griffin, SJ and Little, PS and Hales, CN and Kinmonth, AL and Wareham, NJ},
  journal={Diabetes/metabolism research and reviews},
  volume={16},
  number={3},
  pages={164--171},
  year={2000},
  publisher={Wiley Online Library}
}

@article{park2002performance,
  title={The performance of a risk score in predicting undiagnosed hyperglycemia},
  author={Park, PJ and Griffin, SJ and Sargeant, L and Wareham, NJ},
  journal={Diabetes Care},
  volume={25},
  number={6},
  pages={984--988},
  year={2002},
  publisher={Am Diabetes Assoc}
}

@article{grundy1999diabetes,
  title={Diabetes and cardiovascular disease a statement for healthcare professionals from the {American} {Heart} {Association}},
  author={Grundy, Scott M and Benjamin, Ivor J and Burke, Gregory L and Chait, Alan and Eckel, Robert H and Howard, Barbara V and Mitch, William and Smith, Sidney C and Sowers, James R},
  journal={Circulation},
  volume={100},
  number={10},
  pages={1134--1146},
  year={1999},
  publisher={Am Heart Assoc}
}

@article{doi:10.1001/jama.1979.03290450033020,
author = {Kannel, WB and McGee, DL},
title = {Diabetes and cardiovascular disease: The {Framingham} study},
journal = {JAMA},
volume = {241},
number = {19},
pages = {2035-2038},
year = {1979},
doi = {10.1001/jama.1979.03290450033020},
eprint = {/data/Journals/JAMA/8890/jama_241_19_020.pdf}
}

@article{diabetes2002reduction,
  title={Reduction in the incidence of type 2 diabetes with lifestyle intervention or metformin},
  author={{Diabetes Prevention Program Research Group} and others},
  journal={The New England journal of medicine},
  volume={346},
  number={6},
  pages={393},
  year={2002},
  publisher={NIH Public Access}
}

@article{harris2000early,
  title={Early detection of undiagnosed diabetes mellitus: a {US} perspective},
  author={Harris, Maureen I and Eastman, Richard C},
  journal={Diabetes/metabolism research and reviews},
  volume={16},
  number={4},
  pages={230--236},
  year={2000},
  publisher={Wiley Online Library}
}

@article{pan1997effects,
  title={Effects of diet and exercise in preventing {NIDDM} in people with impaired glucose tolerance: the {Da Qing IGT} and {Diabetes} {Study}},
  author={Pan, Xiao-Ren and Li, Guang-wei and Hu, Ying-Hua and Wang, Ji-Xing and Yang, Wen-Ying and An, Zuo-Xin and Hu, Ze-Xi and Xiao, Jina-Zhong and Cao, Hui-Bi and Liu, Ping-An and others},
  journal={Diabetes Care},
  volume={20},
  number={4},
  pages={537--544},
  year={1997},
  publisher={Am Diabetes Assoc}
}

@article{tuomilehto2001prevention,
  title={Prevention of type 2 diabetes mellitus by changes in lifestyle among subjects with impaired glucose tolerance},
  author={Tuomilehto, Jaakko and Lindstr{\"o}m, Jaana and Eriksson, Johan G and Valle, Timo T and H{\"a}m{\"a}l{\"a}inen, Helena and Ilanne-Parikka, Pirjo and Kein{\"a}nen-Kiukaanniemi, Sirkka and Laakso, Mauri and Louheranta, Anne and Rastas, Merja and others},
  journal={New England Journal of Medicine},
  volume={344},
  number={18},
  pages={1343--1350},
  year={2001},
  publisher={Mass Medical Soc}
}

@article{seltzer1989drug,
  title={Drug-induced hypoglycemia. A review of 1418 cases.},
  author={Seltzer, Holbrooke S},
  journal={Endocrinology and metabolism clinics of North America},
  volume={18},
  number={1},
  pages={163--183},
  year={1989}
}

@article{zammitt2005hypoglycemia,
  title={Hypoglycemia in Type 2 Diabetes Pathophysiology, frequency, and effects of different treatment modalities},
  author={Zammitt, Nicola N and Frier, Brian M},
  journal={Diabetes Care},
  volume={28},
  number={12},
  pages={2948--2961},
  year={2005},
  publisher={Am Diabetes Assoc}
}

@article{mokdad2003prevalence,
  title={Prevalence of obesity, diabetes, and obesity-related health risk factors, 2001},
  author={Mokdad, Ali H and Ford, Earl S and Bowman, Barbara A and Dietz, William H and Vinicor, Frank and Bales, Virginia S and Marks, James S},
  journal={JAMA},
  volume={289},
  number={1},
  pages={76--79},
  year={2003},
  publisher={American Medical Association}
}


@article{van2006intensive,
  title={Intensive insulin therapy in the medical {ICU}},
  author={Van den Berghe, Greet and Wilmer, Alexander and Hermans, Greet and Meersseman, Wouter and Wouters, Pieter J and Milants, Ilse and Van Wijngaerden, Eric and Bobbaers, Herman and Bouillon, Roger},
  journal={New England Journal of Medicine},
  volume={354},
  number={5},
  pages={449},
  year={2006},
  publisher={MEDICAL PUBLISHING GROUP-MASS MEDIC SOCIETY}
}

@article{van2001intensive,
  title={Intensive insulin therapy in critically ill patients},
  author={Van den Berghe, Greet and Wouters, Pieter and Weekers, Frank and Verwaest, Charles and Bruyninckx, Frans and Schetz, Miet and Vlasselaers, Dirk and Ferdinande, Patrick and Lauwers, Peter and Bouillon, Roger},
  journal={New England journal of medicine},
  volume={345},
  number={19},
  pages={1359--1367},
  year={2001},
  publisher={Mass Medical Soc}
}

@article{schwarz2007development,
  title={Development of a diabetes prevention management program for clinical practice},
  author={Schwarz, Peter EH and Schwarz, Jaqueline and Schuppenies, Andrea and Bornstein, Stefan R and Schulze, Jan},
  journal={Public health reports},
  volume={122},
  number={2},
  pages={258},
  year={2007},
  publisher={Association of Schools of Public Health}
}

@article{saaristo2007national,
  title={National type 2 diabetes prevention programme in {Finland}: {FIN-D2D}},
  author={Saaristo, Timo and Peltonen, Markku and Kein{\"a}nen-Kiukaanniemi, Sirkka and Vanhala, Mauno and Saltevo, Juha and Niskanen, Leo and Oksa, Heikki and Korpi-Hy{\"o}v{\"a}lti, Eeva and Tuomilehto, Jaakko and FIN-D2D Study Group and others},
  journal={International journal of circumpolar health},
  volume={66},
  number={2},
  year={2007}
}

@article{zimmet2001global,
  title={Global and societal implications of the diabetes epidemic},
  author={Zimmet, Paul and Alberti, KGMM and Shaw, Jonathan},
  journal={Nature},
  volume={414},
  number={6865},
  pages={782--787},
  year={2001},
  publisher={Nature Publishing Group}
}

@article{uk1998tight,
  title={Tight blood pressure control and risk of macrovascular and microvascular complications in type 2 diabetes: {UKPDS} 38},
  author={{UKPDS Group} and others},
  journal={BMJ: British Medical Journal},
  volume={317},
  number={7160},
  pages={703},
  year={1998},
  publisher={BMJ Group}
}


@article{turner1999glycemic,
  title={Glycemic control with diet, sulfonylurea, metformin, or insulin in patients with type 2 diabetes mellitus: progressive requirement for multiple therapies ({UKPDS} 49)},
  author={Turner, Robert C and Cull, Carole A and Frighi, Valeria and Holman, Rury R and UK Prospective Diabetes Study (UKPDS) Group and others},
  journal={JAMA},
  volume={281},
  number={21},
  pages={2005--2012},
  year={1999},
  publisher={American Medical Association}
}

@article{american2014standards,
  title={Standards of medical care in diabetes--2014},
  author={{American Diabetes Association} and others},
  journal={Diabetes care},
  volume={37},
  number={Supplement 1},
  pages={S14--S80},
  year={2014},
  publisher={Am Diabetes Assoc}
}

@article{interact2013link,
  title={The link between family history and risk of type 2 diabetes is not explained by anthropometric, lifestyle or genetic risk factors: the {EPIC-InterAct} study},
  author={{InterAct Consortium} and others},
  journal={Diabetologia},
  volume={56},
  number={1},
  pages={60--69},
  year={2013},
  publisher={Springer}
}

@article{shai2006ethnicity,
  title={Ethnicity, Obesity, and Risk of Type 2 Diabetes in Women A 20-year follow-up study},
  author={Shai, Iris and Jiang, Rui and Manson, JoAnn E and Stampfer, Meir J and Willett, Walter C and Colditz, Graham A and Hu, Frank B},
  journal={Diabetes care},
  volume={29},
  number={7},
  pages={1585--1590},
  year={2006},
  publisher={Am Diabetes Assoc}
}

@article{reis2011lifestyle,
  title={Lifestyle factors and risk for new-onset diabetes: a population-based cohort study},
  author={Reis, Jared P and Loria, Catherine M and Sorlie, Paul D and Park, Yikyung and Hollenbeck, Albert and Schatzkin, Arthur},
  journal={Annals of internal medicine},
  volume={155},
  number={5},
  pages={292--299},
  year={2011},
  publisher={Am Coll Physicians}
}

@article{tenenbaum2003functional,
  title={Functional class in patients with heart failure is associated with the development of diabetes},
  author={Tenenbaum, Alexander and Motro, Michael and Fisman, Enrique Z and Leor, Jonathan and Freimark, Dov and Boyko, Valentina and Mandelzweig, Lori and Adler, Yehuda and Sherer, Yaniv and Behar, Solomon},
  journal={The American journal of medicine},
  volume={114},
  number={4},
  pages={271--275},
  year={2003},
  publisher={Elsevier}
}
