@article{CC01a,
 author = {Chang, Chih-Chung and Lin, Chih-Jen},
 title = {{LIBSVM}: A library for support vector machines},
 journal = {ACM Transactions on Intelligent Systems and Technology},
 volume = {2},
 issue = {3},
 year = {2011},
 pages = {27:1--27:27},
 note =	 {Software available at \url{http://www.csie.ntu.edu.tw/~cjlin/libsvm}}
}

@article{Cortes:1995:SN:218919.218929,
 author = {Cortes, Corinna and Vapnik, Vladimir},
 title = {Support-Vector Networks},
 journal = {Machine Learning},
 issue_date = {Sept. 1995},
 volume = {20},
 number = {3},
 month = sep,
 year = {1995},
 pages = {273--297},
 numpages = {25},
 acmid = {218929},
 publisher = {Kluwer Academic Publishers},
 address = {Hingham, MA, USA},
 keywords = {efficient learning algorithms, neural networks, pattern recognition, polynomial classifiers, radial basis function classifiers},
} 
 issn = {0885-6125},
 
 
@techreport{osuna1997,
    author = {Osuna, Edgar and Freund, Robert and Girosi, Federico},
    number = {AIM-1602},
    posted-at = {2005-12-09 13:43:28},
    priority = {2},
    title = {{Support Vector Machines: Training and Applications}},
    year = {1997}
}

@article{osuna1997support,
  title={Support vector machines: Training and applications},
  author={Osuna, Edgar and Freund, Robert and Girosi, Federico},
  year={1997}
}


@article{Breiman:1996:BP:231986.231989,
 author = {Breiman, Leo},
 title = {Bagging predictors},
 journal = {Machine Learning},
 issue_date = {Aug. 1996},
 volume = {24},
 number = {2},
 month = aug,
 year = {1996},
 pages = {123--140},
 numpages = {18},
 publisher = {Kluwer Academic Publishers},
 address = {Hingham, MA, USA},
 keywords = {aggregation, averaging, bootstrap, combining},
}
 issn = {0885-6125},

@unpublished{MORDELET-2010-523336,
    hal_id = {hal-00523336},
    title = {{A bagging SVM to learn from positive and unlabeled examples}},
    author = {Mordelet, Fantine and Vert, Jean-Philippe},
    keywords = {PU learning, Bagging, SVM},
    affiliation = {Cancer et g{\'e}n{\^o}me: Bioinformatique, biostatistiques et {\'e}pid{\'e}miologie d'un syst{\`e}me complexe , Centre de Bioinformatique - CBIO},
    year = {2010},
    month = {July},
    pdf = {http://hal.archives-ouvertes.fr/hal-00523336/PDF/PUL-techreport.pdf},
}

@ARTICLE{Bousquet02stabilityand,
    author = {Olivier Bousquet and Andre Elisseeff},
    title = {Stability and Generalization},
    journal = {Journal of Machine Learning Research},
    year = {2002},
    volume = {2},
    pages = {499--526}
}

@incollection{Platt:1999:FTS:299094.299105,
 author = {Platt, John C.},
 chapter = {Fast training of support vector machines using sequential minimal optimization},
 title = {Advances in kernel methods},
 editor = {Sch\"{o}lkopf, Bernhard and Burges, Christopher J. C. and Smola, Alexander J.},
 year = {1999},
 pages = {185--208},
 numpages = {24},
 acmid = {299105},
 publisher = {MIT Press},
 address = {Cambridge, MA, USA},
} 
 isbn = {0-262-19416-3},



@INPROCEEDINGS{Bottou08thetradeoffs,
    author = {L\'{e}on Bottou and Olivier Bousquet},
    title = {The tradeoffs of large scale learning},
    booktitle = {Advances in neural information processing systems 20},
    year = {2008},
    pages = {161--168},
    publisher = {}
}

@article{Fan:2008:LLL:1390681.1442794,
 author = {Fan, Rong-En and Chang, Kai-Wei and Hsieh, Cho-Jui and Wang, Xiang-Rui and Lin, Chih-Jen},
 title = {\mbox{LIBLINEAR}: A Library for Large Linear Classification},
 journal = {Journal of Machine Learning Research},
 issue_date = {6/1/2008},
 volume = {9},
 month = jun,
 year = {2008},
 pages = {1871--1874},
 numpages = {4},
 acmid = {1442794},
 publisher = {JMLR.org},
} 
 issn = {1532-4435},

@inproceedings{Shalev-Shwartz:2007:PPE:1273496.1273598,
 author = {Shalev-Shwartz, Shai and Singer, Yoram and Srebro, Nathan},
 title = {Pegasos: Primal Estimated sub-GrAdient SOlver for {SVM}},
 booktitle = {Proceedings of the 24th international conference on Machine learning},
 series = {ICML '07},
 year = {2007},
 location = {Corvalis, Oregon},
 pages = {807--814},
 numpages = {8},
 publisher = {ACM},
 address = {New York, NY, USA},
} 

@inproceedings{bottou07svm,
    address = {Cambridge, MA, USA},
    author = {Bottou, L\'{e}on and Lin, Chih-Jen},
    booktitle = {Large Scale Kernel Machines},
    citeulike-article-id = {3929609},
    editor = {Bottou, L\'{e}on and Chapelle, Olivier and {DeCoste}, Dennis and Weston, Jason},
    keywords = {implementation, svm},
    pages = {301--320},
    posted-at = {2009-01-23 15:01:38},
    priority = {2},
    publisher = {MIT Press},
    title = {{Support Vector Machine Solvers}},
    year = {2007}
}

@InProceedings{NL09a,
  title={{SVM}-optimization and steepest-descent line search},
  author = 	 {Nikolas List and Hans Ulrich Simon},
  booktitle = 	 {Proceedings of the 22nd Annual Conference on Computational Learning Theory},
  year={2009}
}

    
@INPROCEEDINGS{Valentini03lowbias,
    author = {Giorgio Valentini and Thomas G. Dietterich},
    title = {Low bias bagged support vector machines},
    booktitle = {In Accepted for publication, International Conference on Machine Learning, ICML-2003},
    year = {2003},
    pages = {752--759},
    publisher = {Morgan Kaufmann}
}


@article{Wang20096466,
title = "Empirical analysis of support vector machine ensemble classifiers",
journal = "Expert Systems with Applications",
volume = "36",
number = "3, Part 2",
pages = "6466 - 6476",
year = "2009",
author = "{Shi-jin} Wang and Avin Mathew and Yan Chen and {Li-feng} Xi and Lin Ma and Jay Lee",
}

@INPROCEEDINGS{5646323, 
author={Bin Linghu and Bing-Yu Sun}, 
booktitle={Knowledge Acquisition and Modeling (KAM), 2010 3rd International Symposium on}, title={Constructing effective {SVM} ensembles for image classification}, 
year={2010}, 
pages={80-83},  
}

@article{citeulike:9860864,
    author = {Mordelet, Fantine and Vert, Jean-Philippe P.},
    journal = {BMC bioinformatics},
    keywords = {prioritization},
    number = {1},
    pages = {389+},
    pmcid = {PMC3215680},
    pmid = {21977986},
    posted-at = {2011-10-28 08:53:13},
    priority = {2},
    title = {{ProDiGe: Prioritization Of Disease Genes with multitask machine learning from positive and unlabeled examples.}},
    volume = {12},
    year = {2011}
}
    
@article{Blackard00covtype,
    author = {Blackard, Jock A. and Dean, Denis J.},
    citeulike-article-id = {6472679},
    journal = {Computers and Electronics in Agriculture},
    keywords = {file-import-10-01-14},
    month = dec,
    number = {3},
    pages = {131--151},
    posted-at = {2010-01-03 10:24:57},
    priority = {2},
    title = {{Comparative accuracies of artificial neural networks and discriminant analysis in predicting forest cover types from cartographic variables}},
    volume = {24},
    year = {1999}
}

@article{Collobert02,
        author = {Collobert, Ronan and Bengio, Samy and Bengio, Yoshua},
    citeulike-article-id = {5943505},
    eprint = {http://neco.mitpress.org/cgi/reprint/14/5/1105.pdf},
    journal = {Neural Computation},
    keywords = {parallel, svm},
    number = {5},
    pages = {1105--1114},
    posted-at = {2009-10-15 11:30:28},
    priority = {0},
    title = {A Parallel Mixture of {SVMs} for Very Large Scale Problems},
    volume = {14},
    year = {2002}
}

@article{prokhorov2001ijcnn,
  title={{IJCNN} 2001 neural network competition},
  author={Prokhorov, Danil},
  journal={Slide presentation in {IJCNN'01}},
  year={2001}
}
