%%%%%%%%%%%%%%%%%%%%%%%%%%%%%%%%%
%    MACHINE LEARNING SOFTWARE
%%%%%%%%%%%%%%%%%%%%%%%%%%%%%%%%%

@article{schaul2010pybrain,
  title={PyBrain},
  author={Schaul, Tom and Bayer, Justin and Wierstra, Daan and Sun, Yi and Felder, Martin and Sehnke, Frank and R{\"u}ckstie{\ss}, Thomas and Schmidhuber, J{\"u}rgen},
  journal={Journal of Machine Learning Research},
  volume={11},
  pages={743--746},
  year={2010},
  publisher={JMLR.org}
}

@article{pedregosa2011scikit,
  title={Scikit-learn: Machine learning in {Python}},
  author={Pedregosa, Fabian and Varoquaux, Ga{\"e}l and Gramfort, Alexandre and Michel, Vincent and Thirion, Bertrand and Grisel, Olivier and Blondel, Mathieu and Prettenhofer, Peter and Weiss, Ron and Dubourg, Vincent and others},
  journal={Journal of Machine Learning Research},
  volume={12},
  pages={2825--2830},
  year={2011},
  publisher={JMLR.org}
}

@article{sonnenburg2010shogun,
  title={The {SHOGUN} machine learning toolbox},
  author={Sonnenburg, S{\"o}ren and R{\"a}tsch, Gunnar and Henschel, Sebastian and Widmer, Christian and Behr, Jonas and Zien, Alexander and Bona, Fabio de and Binder, Alexander and Gehl, Christian and Franc, Vojt{\v{e}}ch},
  journal={Journal of Machine Learning Research},
  volume={11},
  pages={1799--1802},
  year={2010},
  publisher={JMLR.org}
}

@article{opencv_library,
    author = {Bradski, G.},
    citeulike-article-id = {2236121},
    journal = {Dr. Dobb's Journal of Software Tools},
    keywords = {bibtex-import},
    posted-at = {2008-01-15 19:21:54},
    priority = {4},
    title = {The {OpenCV} Library},
    year = {2000},
    url={http://www.drdobbs.com/open-source/the-opencv-library/184404319}
}

@article{JMLR:v14:demsar13a,
  author  = {Janez Dem\v{s}ar and Toma\v{z} Curk and Ale\v{s} Erjavec and \v{C}rt Gorup and Toma\v{z} Ho\v{c}evar and Mitar Milutinovi\v{c} and Martin Mo\v{z}ina and Matija Polajnar and Marko Toplak and An\v{z}e Stari\v{c} and Miha \v{S}tajdohar and Lan Umek and Lan \v{Z}agar and Jure \v{Z}bontar and Marinka \v{Z}itnik and Bla\v{z} Zupan},
  title   = {Orange: Data Mining Toolbox in Python},
  journal = {Journal of Machine Learning Research},
  year    = {2013},
  volume  = {14},
  pages   = {2349-2353},
  url     = {http://jmlr.org/papers/v14/demsar13a.html}
}

@article{JMLR:v15:claesen14a,
  author  = {Marc Claesen and Frank De Smet and Johan A.K. Suykens and Bart De Moor},
  title   = {{EnsembleSVM}: A Library for Ensemble Learning Using Support Vector Machines},
  journal = {Journal of Machine Learning Research},
  year    = {2014},
  volume  = {15},
  pages   = {141-145},
  url     = {http://jmlr.org/papers/v15/claesen14a.html}
}

@inproceedings{bergstra2011theano,
  title={Theano: Deep learning on gpus with python},
  author={Bergstra, James and Bastien, Fr{\'e}d{\'e}ric and Breuleux, Olivier and Lamblin, Pascal and Pascanu, Razvan and Delalleau, Olivier and Desjardins, Guillaume and Warde-Farley, David and Goodfellow, Ian and Bergeron, Arnaud and others},
  booktitle={NIPS 2011, BigLearning Workshop, Granada, Spain},
  year={2011}
}

@inproceedings{zaharia2010spark,
  title={Spark: cluster computing with working sets},
  author={Zaharia, Matei and Chowdhury, Mosharaf and Franklin, Michael J and Shenker, Scott and Stoica, Ion},
  booktitle={Proceedings of the 2nd USENIX conference on Hot topics in cloud computing},
  pages={1--7},
  year={2010}
}

%%%%%%%%%%%%%%%%%%%%%%%%%%%%%%%%%
%      COMPETING SOFTWARE
%%%%%%%%%%%%%%%%%%%%%%%%%%%%%%%%%

% these two citations are both about HyperOpt
@inproceedings{bergstra2011implementations,
  title={Implementations of algorithms for hyper-parameter optimization},
  author={Bergstra, James and Bardenet, R{\'e}mi and K{\'e}gl, B and Bengio, Y},
  booktitle={NIPS Workshop on Bayesian optimization},
  pages={29},
  year={2011}
}
@inproceedings{bergstra2013hyperopt,
  title={Hyperopt: A {Python} library for optimizing the hyperparameters of machine learning algorithms},
  author={Bergstra, James and Yamins, Dan and Cox, David D},
  year={2013},
  booktitle={Proceedings of the 12th Python in Science Conference},
  pages = {13--20},
  publisher={SciPy}
}

@article{martinez2014bayesopt,
  title={{BayesOpt}: A {Bayesian} Optimization Library for Nonlinear Optimization, Experimental Design and Bandits},
  author={Martinez-Cantin, Ruben},
  journal={arXiv preprint arXiv:1405.7430},
  year={2014}
}

@article{hutter2009paramils,
  title={{ParamILS}: an automatic algorithm configuration framework},
  author={Hutter, Frank and Hoos, Holger H and Leyton-Brown, Kevin and St{\"u}tzle, Thomas},
  journal={Journal of Artificial Intelligence Research},
  volume={36},
  number={1},
  pages={267--306},
  year={2009}
}

@article{DBLP:journals/corr/abs-1208-3719,
  author    = {Chris Thornton and
               Frank Hutter and
               Holger H. Hoos and
               Kevin Leyton-Brown},
  title     = {{Auto-WEKA}: Automated Selection and Hyper-Parameter Optimization
               of Classification Algorithms},
  journal   = {CoRR},
  volume    = {abs/1208.3719},
  year      = {2012},
  ee        = {http://arxiv.org/abs/1208.3719},
  bibsource = {DBLP, http://dblp.uni-trier.de}
}

@article{roustant2012dicekriging,
  title={{DiceKriging}, {DiceOptim}: Two {R} packages for the analysis of computer experiments by kriging-based metamodeling and optimization},
  author={Roustant, Olivier and Ginsbourger, David and Deville, Yves and others},
  year={2012}
}

@inproceedings{snoek2012practical,
  title={Practical {Bayesian} optimization of machine learning algorithms},
  author={Snoek, Jasper and Larochelle, Hugo and Adams, Ryan P},
  booktitle={Advances in Neural Information Processing Systems},
  pages={2951--2959},
  year={2012}
}

%%%%%%%%%%%%%%%%%%%%%%%%%%%%%%%%%
%        SOLVER ALGORITHMS
%%%%%%%%%%%%%%%%%%%%%%%%%%%%%%%%%

% EGO
@article{jones1998efficient,
  title={Efficient global optimization of expensive black-box functions},
  author={Jones, Donald R and Schonlau, Matthias and Welch, William J},
  journal={Journal of Global optimization},
  volume={13},
  number={4},
  pages={455--492},
  year={1998},
  publisher={Springer}
}

% Nelder-Mead
@article{nelder1965simplex,
  title={A simplex method for function minimization},
  author={Nelder, John A and Mead, Roger},
  journal={The computer journal},
  volume={7},
  number={4},
  pages={308--313},
  year={1965},
  publisher={Br Computer Soc}
}

% SMAC
@incollection{hutter2011sequential,
  title={Sequential model-based optimization for general algorithm configuration},
  author={Hutter, Frank and Hoos, Holger H and Leyton-Brown, Kevin},
  booktitle={Learning and Intelligent Optimization},
  pages={507--523},
  year={2011},
  publisher={Springer}
}

@incollection{ansotegui2009gender,
  title={A gender-based genetic algorithm for the automatic configuration of algorithms},
  author={Ans{\'o}tegui, Carlos and Sellmann, Meinolf and Tierney, Kevin},
  booktitle={Principles and Practice of Constraint Programming-CP 2009},
  pages={142--157},
  year={2009},
  publisher={Springer}
}

% random search
@article{bergstra2012random,
  title={Random search for hyper-parameter optimization},
  author={Bergstra, James and Bengio, Yoshua},
  journal={Journal of Machine Learning Research},
  volume={13},
  number={1},
  pages={281--305},
  year={2012},
  publisher={JMLR.org}
}

% CMA-ES
@article{hansen2001completely,
  title={Completely derandomized self-adaptation in evolution strategies},
  author={Hansen, Nikolaus and Ostermeier, Andreas},
  journal={Evolutionary computation},
  volume={9},
  number={2},
  pages={159--195},
  year={2001},
  publisher={MIT Press}
}

% particle swarm optimization
@incollection{kennedy2010particle,
  title={Particle swarm optimization},
  author={Kennedy, James},
  booktitle={Encyclopedia of Machine Learning},
  pages={760--766},
  year={2010},
  publisher={Springer}
}

% differential evolution
@article{storn1997differential,
  title={Differential evolution--a simple and efficient heuristic for global optimization over continuous spaces},
  author={Storn, Rainer and Price, Kenneth},
  journal={Journal of global optimization},
  volume={11},
  number={4},
  pages={341--359},
  year={1997},
  publisher={Springer}
}

% csa
@article{xavier2010coupled,
  title={Coupled simulated annealing},
  author={Xavier-de-Souza, Samuel and Suykens, Johan AK and Vandewalle, Joos and Boll{\'e}, D{\'e}sir{\'e}},
  journal={Systems, Man, and Cybernetics, Part B: Cybernetics, IEEE Transactions on},
  volume={40},
  number={2},
  pages={320--335},
  year={2010},
  publisher={IEEE}
}

%%%%%%%%%%%%%%%%%%%%%%%%%%%%%%%%%
%            OTHER
%%%%%%%%%%%%%%%%%%%%%%%%%%%%%%%%%

@article{fortin2012deap,
  title={{DEAP}: Evolutionary algorithms made easy},
  author={Fortin, F{\'e}lix-Antoine and Rainville, De and Gardner, Marc-Andr{\'e} Gardner and Parizeau, Marc and Gagn{\'e}, Christian and others},
  journal={Journal of Machine Learning Research},
  volume={13},
  number={1},
  pages={2171--2175},
  year={2012},
  publisher={JMLR.org}
}


@incollection{hinton2012practical,
  title={A practical guide to training restricted boltzmann machines},
  author={Hinton, Geoffrey E},
  booktitle={Neural Networks: Tricks of the Trade},
  pages={599--619},
  year={2012},
  publisher={Springer}
}

@misc{hsu2003practical,
  title={A practical guide to support vector classification},
  author={Hsu, Chih-Wei and Chang, Chih-Chung and Lin, Chih-Jen and others},
  year={2003}
}

@article{wolpert1997no,
  title={No free lunch theorems for optimization},
  author={Wolpert, David H and Macready, William G},
  journal={Evolutionary Computation, IEEE Transactions on},
  volume={1},
  number={1},
  pages={67--82},
  year={1997},
  publisher={IEEE}
}

@article{claesen2014robust,
  title={A Robust Ensemble Approach to Learn From Positive and Unlabeled Data Using SVM Base Models},
  author={Claesen, Marc and De Smet, Frank and Suykens, Johan AK and De Moor, Bart},
  journal={arXiv preprint arXiv:1402.3144},
  year={2014}
}

@inproceedings{claesen2015hyperparameter,
  title={Hyperparameter Search in Machine Learning},
  author={Marc Claesen and De Moor, Bart},
  note={arXiv preprint arXiv:1502.02127, available at \url{http://arxiv.org/abs/1502.02127}},
  booktitle={Proceedings of the 11th Metaheuristics International Conference (MIC'2015)},
  year={2015},
  location={Agadir, Morocco}
}

@article{papa2015model,
  title={Model selection for {Discriminative} {Restricted} {Boltzmann} {Machines} through meta-heuristic techniques},
  author={Papa, Jo{\~a}o P and Rosa, Gustavo H and Marana, Aparecido N and Scheirer, Walter and Cox, David D},
  journal={Journal of Computational Science},
  volume={9},
  pages={14--18},
  year={2015},
  publisher={Elsevier}
}

@inproceedings{bergstra2011algorithms,
  title={Algorithms for hyper-parameter optimization},
  author={Bergstra, James S and Bardenet, R{\'e}mi and Bengio, Yoshua and K{\'e}gl, Bal{\'a}zs},
  booktitle={Advances in Neural Information Processing Systems},
  pages={2546--2554},
  year={2011}
}


