@article{Bradley:1997:UAU:1746432.1746434,
 author = {Bradley, AP},
 title = {The Use of the Area Under the {ROC} Curve in the Evaluation of Machine Learning Algorithms},
 journal = {Pattern Recognition},
 issue_date = {July, 1997},
 volume = {30},
 number = {7},
 month = jul,
 year = {1997},
 issn = {0031-3203},
 pages = {1145--1159},
 numpages = {15},
 doi = {10.1016/S0031-3203(96)00142-2},
 acmid = {1746434},
 publisher = {Elsevier Science Inc.},
 address = {New York, NY, USA},
 keywords = {Accuracy measures, Cross-validation, Standard error, The ROC curve, The area under the ROC curve (AUC), Wilcoxon statistic},
} 
% url = {http://dx.doi.org/10.1016/S0031-3203(96)00142-2},
%  author = {Bradley, Andrew P.},

@article{hanley1982meaning,
  title={The meaning and use of the area under a receiver operating characteristic ({ROC}) curve.},
  author={Hanley, James A and McNeil, Barbara J},
  journal={Radiology},
  volume={143},
  number={1},
  pages={29--36},
  year={1982}
}

@article{claesen2014robust,
title = "A robust ensemble approach to learn from positive and unlabeled data using {SVM} base models ",
journal = "Neurocomputing ",
volume = "160",
number = "0",
pages = "73 - 84",
year = "2015",
note = "",
doi = "http://dx.doi.org/10.1016/j.neucom.2014.10.081",
author = "Claesen, M and De Smet, F and Suykens, J and De Moor, B",
keywords = "Classification",
keywords = "Semi-supervised learning",
keywords = "Ensemble learning",
keywords = "Support vector machine "
}
% author = "Claesen, Marc and De Smet, Frank and Suykens, Johan A.K. and De Moor, Bart",

@article{mordelet2014bagging,
  title={A bagging {SVM} to learn from positive and unlabeled examples},
  author={Mordelet, F and Vert, J-P},
  journal={Pattern Recognition Letters},
  volume={37},
  pages={201--209},
  year={2014},
  publisher={Elsevier}
}
%     author={Mordelet, Fantine and Vert, J-P},

@article{jones2001scipy,
  title={{SciPy}: Open source scientific tools for {Python}},
  author={Jones, Eric and Oliphant, Travis and Peterson, Pearu},
  journal={http://www. scipy. org/},
  year={2001}
}

@article{hillis2012analytic,
  title={An analytic expression for the binormal partial area under the {ROC} curve},
  author={Hillis, Stephen L and Metz, Charles E},
  journal={Academic Radiology},
  volume={19},
  number={12},
  pages={1491--1498},
  year={2012},
  publisher={Elsevier}
}

@article{thompson1989statistical,
  title={On the statistical analysis of {ROC} curves},
  author={Thompson, Mary Lou and Zucchini, Walter},
  journal={Statistics in Medicine},
  volume={8},
  number={10},
  pages={1277--1290},
  year={1989},
  publisher={Wiley Online Library}
}

@inproceedings{Elkan:2008:LCO:1401890.1401920,
 author = {Elkan, C and Noto, K},
 title = {Learning Classifiers from Only Positive and Unlabeled Data},
 booktitle = {Proceedings of the 14th ACM SIGKDD International Conference on Knowledge Discovery and Data Mining},
 series = {KDD '08},
 year = {2008},
 isbn = {978-1-60558-193-4},
 location = {Las Vegas, Nevada, USA},
 pages = {213--220},
 numpages = {8},
 doi = {10.1145/1401890.1401920},
 acmid = {1401920},
 publisher = {ACM},
 address = {New York, NY, USA},
 keywords = {bioinformatics, supervised learning, text mining, unlabeled examples},
} 
%  author = {Elkan, Charles and Noto, Keith},
%  url = {http://doi.acm.org/10.1145/1401890.1401920},

@article{chawla2005learning,
  title={Learning From Labeled And Unlabeled Data: An Empirical Study Across Techniques And Domains.},
  author={Chawla, NV and Karakoulas, GI},
  journal={Journal of Artificial Intelligence Research},
  volume={23},
  pages={331--366},
  year={2005}
}
%  author={Chawla, Nitesh V and Karakoulas, Grigoris I},

@article{sifrim2013extasy,
  title={{eXtasy}: variant prioritization by genomic data fusion},
  author={Sifrim, A and Popovic, D and Tranchevent, L-C and Ardeshirdavani, A and Sakai, R and Konings, P and Vermeesch, JR and Aerts, J and De Moor, B and Moreau, Y},
  journal={Nature Methods},
  volume={10},
  number={11},
  pages={1083--1084},
  year={2013},
  publisher={Nature Publishing Group}
}
%  author={Sifrim, Alejandro and Popovic, Dusan and Tranchevent, Leon-Charles and Ardeshirdavani, Amin and Sakai, Ryo and Konings, Peter and Vermeesch, Joris R and Aerts, Jan and De Moor, Bart and Moreau, Yves},


@article{doyle2010drug,
  title={Drug target prediction and prioritization: using orthology to predict essentiality in parasite genomes},
  author={Doyle, Maria A and Gasser, Robin B and Woodcroft, Ben J and Hall, Ross S and Ralph, Stuart A},
  journal={BMC Genomics},
  volume={11},
  number={1},
  pages={222},
  year={2010},
  publisher={BioMed Central Ltd}
}

@article{fawcett2006introduction,
  title={An introduction to {ROC} analysis},
  author={Fawcett, Tom},
  journal={Pattern Recognition Letters},
  volume={27},
  number={8},
  pages={861--874},
  year={2006},
  publisher={Elsevier}
}

@article{harris1998prevalence,
  title={Prevalence of diabetes, impaired fasting glucose, and impaired glucose tolerance in {US} adults: the {Third} {National} {Health} and {Nutrition} {Examination} {Survey}, 1988--1994},
  author={Harris, Maureen I and Flegal, Katherine M and Cowie, Catherine C and Eberhardt, Mark S and Goldstein, David E and Little, Randie R and Wiedmeyer, Hsiao-Mei and Byrd-Holt, Danita D},
  journal={Diabetes Care},
  volume={21},
  number={4},
  pages={518--524},
  year={1998},
  publisher={Am Diabetes Assoc}
}

@article{dvoretzky1956asymptotic,
  title={Asymptotic minimax character of the sample distribution function and of the classical multinomial estimator},
  author={Dvoretzky, Aryeh and Kiefer, Jack and Wolfowitz, Jacob},
  journal={The Annals of Mathematical Statistics},
  pages={642--669},
  year={1956},
  publisher={JSTOR}
}

@article{massart1990tight,
  title={The tight constant in the {Dvoretzky}-{Kiefer}-{Wolfowitz} inequality},
  author={Massart, Pascal},
  journal={The Annals of Probability},
  pages={1269--1283},
  year={1990},
  publisher={JSTOR}
}

@inproceedings{li2009positive,
  title={Positive Unlabeled Learning for Data Stream Classification.},
  author={Li, Xiaoli and Philip, S Yu and Liu, Bing and Ng, See-Kiong},
  booktitle={Proceedings of the 2009 {SIAM} International Conference on Data Mining (SDM)},
  volume={9},
  pages={257--268},
  year={2009},
  organization={SIAM},
  doi={10.1137/1.9781611972795.23},
  url={http://dx.doi.org/10.1137/1.9781611972795.23}
}

@article{nigam2000text,
  title={Text classification from labeled and unlabeled documents using {EM}},
  author={Nigam, K and McCallum, AK and Thrun, S and Mitchell, T},
  journal={Machine Learning},
  volume={39},
  number={2-3},
  pages={103--134},
  year={2000},
  publisher={Springer}
}
%  author={Nigam, Kamal and McCallum, Andrew Kachites and Thrun, Sebastian and Mitchell, Tom},

@incollection{chapelle2007branch,
  title = {Branch and Bound for Semi-Supervised Support Vector Machines},
  author = {Olivier Chapelle and Sindhwani, Vikas and S. S. Keerthi},
  booktitle = {Advances in Neural Information Processing Systems 19 (NIPS)},
  editor = {B. Sch\"{o}lkopf and J.C. Platt and T. Hoffman},
  pages = {217--224},
  year = {2007},
  publisher = {MIT Press},
}
  url = {http://papers.nips.cc/paper/3135-branch-and-bound-for-semi-supervised-support-vector-machines.pdf}

@article{calvo2007learning,
  title={Learning {Bayesian} classifiers from positive and unlabeled examples},
  author={Calvo, B and Larra{\~n}aga, P and Lozano, JA},
  journal={Pattern Recognition Letters},
  volume={28},
  number={16},
  pages={2375--2384},
  year={2007},
  publisher={Elsevier}
}
%  author={Calvo, Borja and Larra{\~n}aga, Pedro and Lozano, Jos{\'e} A},

@inproceedings{goldman2000enhancing,
  author    = {SA Goldman and Y Zhou},
  title     = {Enhancing Supervised Learning with Unlabeled Data},
  booktitle = {Proceedings of the 17th International Conference on Machine
               Learning {(ICML})},
  pages     = {327--334},
  year      = {2000}
}
%  crossref  = {DBLP:conf/icml/2000},
%  timestamp = {Sun, 21 Feb 2010 20:54:50 +0100},
%  biburl    = {http://dblp.uni-trier.de/rec/bib/conf/icml/GoldmanZ00},
%  bibsource = {dblp computer science bibliography, http://dblp.org}
%   author    = {Sally A. Goldman and Yan Zhou},

@article{chapelle2008optimization,
  title={Optimization techniques for semi-supervised support vector machines},
  author={Chapelle, O and Sindhwani, V and Keerthi, SS},
  journal={Journal of Machine Learning Research},
  volume={9},
  pages={203--233},
  year={2008},
  publisher={JMLR. org}
}
%  author={Chapelle, Olivier and Sindhwani, Vikas and Keerthi, Sathiya S},

@book{van2000asymptotic,
  title={Asymptotic Statistics},
  author={Van der Vaart, AW},
  volume={3},
  year={2000},
  publisher={Cambridge university press}
}
%   author={Van der Vaart, AW},


@inproceedings{davis2006relationship,
  title={The relationship between {Precision-Recall} and {ROC} curves},
  author={Davis, J and Goadrich, M},
  booktitle={Proc. of the 23rd International Conference on Machine learning},
  pages={233--240},
  year={2006},
  organization={ACM}
}
%  author={Davis, Jesse and Goadrich, Mark},

@inproceedings{davis2005view,
  title={View Learning for Statistical Relational Learning: With an Application to Mammography.},
  author={Davis, Jesse and Burnside, Elizabeth S and de Castro Dutra, In{\^e}s and Page, David and Ramakrishnan, Raghu and Costa, Vitor Santos and Shavlik, Jude W},
  booktitle={Proceeding of the 19th International Joint Conference on Artificial Intelligence (IJCAI)},
  pages={677--683},
  year={2005},
  organization={Citeseer},
  address={Edinburgh, Scotland}
}

@article{raghavan1989critical,
  title={A critical investigation of recall and precision as measures of retrieval system performance},
  author={Raghavan, Vijay and Bollmann, Peter and Jung, Gwang S},
  journal={ACM Transactions on Information Systems (TOIS)},
  volume={7},
  number={3},
  pages={205--229},
  year={1989},
  publisher={ACM}
}

@article{bunescu2005comparative,
  title={Comparative experiments on learning information extractors for proteins and their interactions},
  author={Bunescu, R and Ge, R and Kate, RJ and Marcotte, EM and Mooney, RJ and Ramani, AK and Wong, YW},
  journal={Artificial Intelligence in Medicine},
  volume={33},
  number={2},
  pages={139--155},
  year={2005},
  publisher={Elsevier}
}
%   author={Bunescu, Razvan and Ge, Ruifang and Kate, Rohit J and Marcotte, Edward M and Mooney, Raymond J and Ramani, Arun K and Wong, Yuk Wah},

@incollection{goadrich2004learning,
  title={Learning ensembles of first-order clauses for recall-precision curves: A case study in biomedical information extraction},
  author={Goadrich, Mark and Oliphant, Louis and Shavlik, Jude},
  booktitle={Proceedings of the 14th International Conference on Inductive Logic Programming (ILP)},
  pages={98--115},
  year={2004},
  publisher={Springer},
  address={Porto, Portugal}
}

@inproceedings{kok2005learning,
  title={Learning the structure of {Markov} logic networks},
  author={Kok, S and Domingos, P},
  booktitle={Proceedings of the 22nd International Conference on Machine Learning (ICML)},
  pages={441--448},
  year={2005},
  organization={ACM}
}
%   author={Kok, Stanley and Domingos, Pedro},

@article{aerts2006gene,
  title={Gene prioritization through genomic data fusion},
  author={Aerts, Stein and Lambrechts, Diether and Maity, Sunit and Van Loo, Peter and Coessens, Bert and De Smet, Frederik and Tranchevent, Leon-Charles and De Moor, Bart and Marynen, Peter and Hassan, Bassem and others},
  journal={Nature Biotechnology},
  volume={24},
  number={5},
  pages={537--544},
  year={2006},
  publisher={Nature Publishing Group}
}

@article{bonnery2012uniform,
  title={Uniform convergence of the empirical cumulative distribution function under informative selection from a finite population},
  author={Bonn{\'e}ry, Daniel and Breidt, F Jay and Coquet, Fran{\c{c}}ois and others},
  journal={Bernoulli},
  volume={18},
  number={4},
  pages={1361--1385},
  year={2012},
  publisher={Bernoulli Society for Mathematical Statistics and Probability}
}

@article{winter1979convergence,
  title={Convergence rate of perturbed empirical distribution functions},
  author={Winter, BB},
  journal={Journal of Applied Probability},
  pages={163--173},
  year={1979},
  publisher={JSTOR}
}

@article{mordelet2011prodige,
  title={{ProDiGe}: Prioritization Of Disease Genes with multitask machine learning from positive and unlabeled examples},
  author={Mordelet, F and Vert, J-P},
  journal={BMC Bioinformatics},
  volume={12},
  number={1},
  pages={389},
  year={2011},
  publisher={BioMed Central Ltd}
}
%   author={Mordelet, Fantine and Vert, Jean-Philippe},

@article{elmore1998ten,
  title={Ten-year risk of false positive screening mammograms and clinical breast examinations},
  author={Elmore, Joann G and Barton, Mary B and Moceri, Victoria M and Polk, Sarah and Arena, Philip J and Fletcher, Suzanne W},
  journal={New England Journal of Medicine},
  volume={338},
  number={16},
  pages={1089--1096},
  year={1998},
  publisher={Mass Medical Soc}
}

@article{denning1987intrusion,
  title={An intrusion-detection model},
  author={Denning, Dorothy E},
  journal={IEEE Transactions on Software Engineering},
  number={2},
  pages={222--232},
  year={1987},
  publisher={IEEE}
}

@article{gram1990quality,
  title={Quality of life following a false positive mammogram.},
  author={Gram, IT and Lund, E and Slenker, SE},
  journal={British Journal of Cancer},
  volume={62},
  number={6},
  pages={1018},
  year={1990},
  publisher={Nature Publishing Group}
}

@article{altman1994statistics,
  title={Statistics Notes: Diagnostic tests 2: predictive values},
  author={Altman, Douglas G and Bland, J Martin},
  journal={BMJ},
  volume={309},
  number={6947},
  pages={102},
  year={1994},
  publisher={BMJ}
}

@article{rathmann2003high,
  title={High prevalence of undiagnosed diabetes mellitus in {Southern} {Germany}: target populations for efficient screening. {The} {KORA} survey 2000},
  author={Rathmann, Wolfgang and Haastert, Burkhard and Icks, A al and L{\"o}wel, Hannelore and Meisinger, Christa and Holle, Rolf and Giani, Guido},
  journal={Diabetologia},
  volume={46},
  number={2},
  pages={182--189},
  year={2003},
  publisher={Springer}
}

@article{holmberg1996estimated,
  title={The estimated prevalence and incidence of {HIV} in 96 large {US} metropolitan areas.},
  author={Holmberg, Scott D},
  journal={American Journal of Public Health},
  volume={86},
  number={5},
  pages={642--654},
  year={1996},
  publisher={American Public Health Association}
}

@inproceedings{provost1998case,
  title={The case against accuracy estimation for comparing induction algorithms.},
  author={Provost, Foster J and Fawcett, Tom and Kohavi, Ron},
  booktitle={Proceedings of the 15th International Conference on Machine Learning (ICML)},
  volume={98},
  pages={445--453},
  year={1998}
}

@inproceedings{lee2003learning,
  title={Learning with positive and unlabeled examples using weighted logistic regression},
  author={Lee, Wee Sun and Liu, Bing},
  booktitle={Proceedings of the 20th International Conference on Machine Learning (ICML)},
  volume={3},
  pages={448--455},
  year={2003}
}

@article{gneiting2007strictly,
  title={Strictly proper scoring rules, prediction, and estimation},
  author={Gneiting, Tilmann and Raftery, Adrian E},
  journal={Journal of the American Statistical Association},
  volume={102},
  number={477},
  pages={359--378},
  year={2007},
  publisher={Taylor \& Francis}
}

@inproceedings{liu2003building,
  title={Building text classifiers using positive and unlabeled examples},
  author={Liu, B and Dai, Y and Li, X and Lee, WS and Yu, PS},
  booktitle={3rd IEEE International Conference on Data Mining.},
  pages={179--186},
  year={2003},
}
%  organization={IEEE}
%  author={Liu, Bing and Dai, Yang and Li, Xiaoli and Lee, Wee Sun and Yu, Philip S},


@article{pencina2008evaluating,
  title={Evaluating the added predictive ability of a new marker: from area under the {ROC} curve to reclassification and beyond},
  author={Pencina, Michael J and D'Agostino, Ralph B and Vasan, Ramachandran S},
  journal={Statistics in Medicine},
  volume={27},
  number={2},
  pages={157--172},
  year={2008},
  publisher={Wiley Online Library}
}

@article{khorana2008development,
  title={Development and validation of a predictive model for chemotherapy-associated thrombosis},
  author={Khorana, Alok A and Kuderer, Nicole M and Culakova, Eva and Lyman, Gary H and Francis, Charles W},
  journal={Blood},
  volume={111},
  number={10},
  pages={4902--4907},
  year={2008},
  publisher={American Society of Hematology}
}

@book{chapelle2006semi,
  title={Semi-supervised learning},
  author={Chapelle, O and Sch{\"o}lkopf, B and Zien, A and others},
  volume={2},
  year={2006},
  publisher={MIT press Cambridge}
}
%   author={Chapelle, Olivier and Sch{\"o}lkopf, Bernhard and Zien, Alexander and others},

@inproceedings{blum1998combining,
  title={Combining labeled and unlabeled data with co-training},
  author={Blum, A and Mitchell, T},
  booktitle={Proceedings of the 11th annual conference on Computational Learning Theory (COLT)},
  pages={92--100},
  year={1998},
  organization={ACM}
}
%  author={Blum, Avrim and Mitchell, Tom},

@article{yu2004pebl,
  title={{PEBL}: Web page classification without negative examples},
  author={Yu, H and Han, J and Chang, KC-C},
  journal={IEEE Transactions on Knowledge and Data Engineering},
  volume={16},
  number={1},
  pages={70--81},
  year={2004},
  publisher={IEEE}
}
%  author={Yu, Hwanjo and Han, Jiawei and Chang, KC-C},

@inproceedings{raina2007self,
  title={Self-taught learning: transfer learning from unlabeled data},
  author={Raina, R and Battle, A and Lee, H and Packer, B and Ng, AY},
  booktitle={Proceedings of the 24th International Conference on Machine Learning (ICML)},
  pages={759--766},
  year={2007},
  organization={ACM}
}
%   author={Raina, Rajat and Battle, Alexis and Lee, Honglak and Packer, Benjamin and Ng, Andrew Y},

@inproceedings{yarowsky1995unsupervised,
  title={Unsupervised word sense disambiguation rivaling supervised methods},
  author={Yarowsky, D},
  booktitle={Proceedings of the 33rd annual meeting on Association for Computational Linguistics},
  pages={189--196},
  year={1995},
  organization={Association for Computational Linguistics}
}
%  author={Yarowsky, David},

@article{weston2005semi,
  title={Semi-supervised protein classification using cluster kernels},
  author={Weston, J and Leslie, C and Ie, E and Zhou, D and Elisseeff, A and Noble, WS},
  journal={Bioinformatics},
  volume={21},
  number={15},
  pages={3241--3247},
  year={2005},
  publisher={Oxford Univ Press}
}
%  author={Weston, Jason and Leslie, Christina and Ie, Eugene and Zhou, Dengyong and Elisseeff, Andre and Noble, William Stafford},

@article{DBLP:journals/corr/ClaesenSPMM14,
  author    = {Claesen, Marc and Simm, Jaak and Popovic, Dusan and Moreau, Yves and De Moor, Bart},
  title     = {Easy Hyperparameter Search Using {Optunity}},
  journal   = {CoRR},
  volume    = {abs/1412.1114},
  year      = {2014},
  url       = {http://arxiv.org/abs/1412.1114},
  note	    = {Software available at \url{http://www.optunity.net}},
  timestamp = {Thu, 01 Jan 2015 19:51:08 +0100},
  biburl    = {http://dblp.uni-trier.de/rec/bib/journals/corr/ClaesenSPMM14},
  bibsource = {dblp computer science bibliography, http://dblp.org}
}

@article{denis2005learning,
  title={Learning from positive and unlabeled examples},
  author={Denis, F and Gilleron, R and Letouzey, F},
  journal={Theoretical Computer Science},
  volume={348},
  number={1},
  pages={70--83},
  year={2005},
  publisher={Elsevier}
}
%   author={Denis, Fran{\c{c}}ois and Gilleron, R{\'e}mi and Letouzey, Fabien},

@incollection{wolpert2002supervised,
  title={The supervised learning no-free-lunch theorems},
  author={Wolpert, David H},
  booktitle={Soft Computing and Industry},
  pages={25--42},
  year={2002},
  publisher={Springer}
}

@article{lessmann2008benchmarking,
  title={Benchmarking classification models for software defect prediction: A proposed framework and novel findings},
  author={Lessmann, Stefan and Baesens, Bart and Mues, Christophe and Pietsch, Swantje},
  journal={IEEE Transactions on Software Engineering},
  volume={34},
  number={4},
  pages={485--496},
  year={2008},
  publisher={IEEE}
}

@inproceedings{provost1997analysis,
  title={Analysis and Visualization of Classifier Performance: Comparison under Imprecise Class and Cost Distributions.},
  author={Provost, Foster J and Fawcett, Tom},
  booktitle={Proceedings of the 3rd International Conference on Knowledge Discovery and Data Mining (KDD)},
  volume={97},
  pages={43--48},
  year={1997}
}

@inproceedings{scottblanchard,
 title={Novelty detection: Unlabeled data definitely help},
 author={Scott, C and Blanchard, G},
 booktitle={Proc. of the 12th International Conference on Artificial Intelligence and Statistics},
 pages={464--471},
 year={2009}
}

@article{duarte2004vehicle,
  title={Vehicle classification in distributed sensor networks},
  author={Duarte, Marco F and Hen Hu, Yu},
  journal={Journal of Parallel and Distributed Computing},
  volume={64},
  number={7},
  pages={826--838},
  year={2004},
  publisher={Elsevier}
}

@article{Blackard00covtype,
    author = {Blackard, JA and Dean, DJ},
    citeulike-article-id = {6472679},
    journal = {Computers and Electronics in Agriculture},
    keywords = {file-import-10-01-14},
    month = dec,
    number = {3},
    pages = {131--151},
    posted-at = {2010-01-03 10:24:57},
    priority = {2},
    title = {{Comparative accuracies of artificial neural networks and discriminant analysis in predicting forest cover types from cartographic variables}},
    volume = {24},
    year = {1999}
}
%     author = {Blackard, Jock A. and Dean, Denis J.},

@book{efron1994introduction,
  title={An introduction to the bootstrap},
  author={Efron, B and Tibshirani,RJ},
  year={1994},
  publisher={CRC press}
}
%   author={Efron, Bradley and Tibshirani, Robert J},

@inproceedings{davis-icml09,
      title="Deep Transfer via Second-Order {M}arkov Logic",
      author="Davis, J and Domingos, P",
      booktitle={Proceedings of the 26th International Conference on Machine Learning (ICML)},
      pages={217-224},
      year="2009"
      }
%       author="Davis, Jesse and Domingos, Pedro",
     

@inproceedings{kok-icml10,
      author="Kok, Stanley and Domingos, Pedro",
      title="Learning {M}arkov Logic Networks Using Structural Motifs",
      booktitle="Proceedings of the 27th International Conference on Machine Learning (ICML)",
        year="2010"
        }

@incollection{sechidis2014statistical,
  title={Statistical Hypothesis Testing in Positive Unlabelled Data},
  author={Sechidis, K and Calvo, B and Brown, G},
  booktitle={Machine Learning and Knowledge Discovery in Databases},
  pages={66--81},
  year={2014},
  publisher={Springer}
}
%   author={Sechidis, Konstantinos and Calvo, Borja and Brown, Gavin},

@article{scholkopf2001estimating,
  title={Estimating the support of a high-dimensional distribution},
  author={Sch{\"o}lkopf, B and Platt, JC and Shawe-Taylor, J and Smola, AJ and Williamson, RC},
  journal={Neural computation},
  volume={13},
  number={7},
  pages={1443--1471},
  year={2001},
  publisher={MIT Press}
}
%   author={Sch{\"o}lkopf, Bernhard and Platt, John C and Shawe-Taylor, John and Smola, Alex J and Williamson, Robert C},

@article{tax1999support,
  title={Support vector domain description},
  author={Tax, DMJ and Duin, RPW},
  journal={Pattern recognition letters},
  volume={20},
  number={11},
  pages={1191--1199},
  year={1999},
  publisher={Elsevier}
}
%   author={Tax, David MJ and Duin, Robert PW},
